@article{Evans:2016mbw,
      author         = "Abbott, Benjamin P and others",
      title          = "{Exploring the Sensitivity of Next Generation
                        Gravitational Wave Detectors}",
      collaboration  = "LIGO Scientific",
      journal        = "Class. Quant. Grav.",
      volume         = "34",
      year           = "2017",
      pages          = "044001",
      doi            = "10.1088/1361-6382/aa51f4",
      eprint         = "1607.08697",
      archivePrefix  = "arXiv",
      primaryClass   = "astro-ph.IM",
      reportNumber   = "LIGO-P1600143",
      SLACcitation   = "%%CITATION = ARXIV:1607.08697;%%"
}

@article{Bildsten:1998ey,
      author         = "Bildsten, Lars",
      title          = "{Gravitational radiation and rotation of accreting
                        neutron stars}",
      journal        = "Astrophys. J.",
      volume         = "501",
      year           = "1998",
      pages          = "L89",
      doi            = "10.1086/311440",
      eprint         = "astro-ph/9804325",
      archivePrefix  = "arXiv",
      primaryClass   = "astro-ph",
      SLACcitation   = "%%CITATION = ASTRO-PH/9804325;%%"
}
@article{Regimbau:2014uia,
      author         = "Regimbau, Tania and Meacher, Duncan and Coughlin,
                        Michael",
      title          = "{Second Einstein Telescope mock science challenge:
                        Detection of the gravitational-wave stochastic background
                        from compact binary coalescences}",
      journal        = "Phys. Rev.",
      volume         = "D89",
      year           = "2014",
      pages          = "084046",
      doi            = "10.1103/PhysRevD.89.084046",
      eprint         = "1404.1134",
      archivePrefix  = "arXiv",
      primaryClass   = "astro-ph.CO",
      SLACcitation   = "%%CITATION = ARXIV:1404.1134;%%"
}
@article{Regimbau:2012ir,
      author         = "Regimbau, Tania and others",
      title          = "{A Mock Data Challenge for the Einstein
                        Gravitational-Wave Telescope}",
      journal        = "Phys. Rev.",
      volume         = "D86",
      year           = "2012",
      pages          = "122001",
      doi            = "10.1103/PhysRevD.86.122001",
      eprint         = "1201.3563",
      archivePrefix  = "arXiv",
      primaryClass   = "gr-qc",
      SLACcitation   = "%%CITATION = ARXIV:1201.3563;%%"
}
@article{Berti:2016lat,
      author         = "Berti, Emanuele and Sesana, Alberto and Barausse, Enrico
                        and Cardoso, Vitor and Belczynski, Krzysztof",
      title          = "{Spectroscopy of Kerr black holes with Earth- and
                        space-based interferometers}",
      journal        = "Phys. Rev. Lett.",
      volume         = "117",
      year           = "2016",
      number         = "10",
      pages          = "101102",
      doi            = "10.1103/PhysRevLett.117.101102",
      eprint         = "1605.09286",
      archivePrefix  = "arXiv",
      primaryClass   = "gr-qc",
      SLACcitation   = "%%CITATION = ARXIV:1605.09286;%%"
}
@article{Hall:2019xmm,
      author         = "Hall, Evan D. and Evans, Matthew",
      title          = "{Metrics for next-generation gravitational-wave
                        detectors}",
      journal        = "Class. Quant. Grav.",
      volume         = "36",
      year           = "2019",
      pages          = "225002",
      doi            = "10.1088/1361-6382/ab41d6",
      eprint         = "1902.09485",
      archivePrefix  = "arXiv",
      primaryClass   = "astro-ph.IM",
      reportNumber   = "LIGO-P1800304",
      SLACcitation   = "%%CITATION = ARXIV:1902.09485;%%"
}
@article{Damour:1992we,
      author         = "Damour, Thibault and Esposito-Farese, Gilles",
      title          = "{Tensor multiscalar theories of gravitation}",
      journal        = "Class. Quant. Grav.",
      volume         = "9",
      year           = "1992",
      pages          = "2093-2176",
      doi            = "10.1088/0264-9381/9/9/015",
      reportNumber   = "IHES-P-91-93, CPT-91-PE-2542",
      SLACcitation   = "%%CITATION = CQGRD,9,2093;%%"
}
@article{Damour:1993hw,
      author         = "Damour, Thibault and Esposito-Farese, Gilles",
      title          = "{Nonperturbative strong field effects in tensor - scalar
                        theories of gravitation}",
      journal        = "Phys. Rev. Lett.",
      volume         = "70",
      year           = "1993",
      pages          = "2220-2223",
      doi            = "10.1103/PhysRevLett.70.2220",
      reportNumber   = "IHES-P-93-1, CPT-93-PE-2868",
      SLACcitation   = "%%CITATION = PRLTA,70,2220;%%"
}

@article{Sampson:2014qqa,
      author         = "Sampson, Laura and Yunes, NicolÂ‡s and Cornish, Neil and
                        Ponce, Marcelo and Barausse, Enrico and Klein, Antoine and
                        Palenzuela, Carlos and Lehner, Luis",
      title          = "{Projected Constraints on Scalarization with
                        Gravitational Waves from Neutron Star Binaries}",
      journal        = "Phys. Rev.",
      volume         = "D90",
      year           = "2014",
      pages          = "124091",
      doi            = "10.1103/PhysRevD.90.124091",
      eprint         = "1407.7038",
      archivePrefix  = "arXiv",
      primaryClass   = "gr-qc",
      SLACcitation   = "%%CITATION = ARXIV:1407.7038;%%"
}
@article{Barausse:2012da,
      author         = "Barausse, Enrico and Palenzuela, Carlos and Ponce,
                        Marcelo and Lehner, Luis",
      title          = "{Neutron-star mergers in scalar-tensor theories of
                        gravity}",
      journal        = "Phys. Rev.",
      volume         = "D87",
      year           = "2013",
      pages          = "081506",
      doi            = "10.1103/PhysRevD.87.081506",
      eprint         = "1212.5053",
      archivePrefix  = "arXiv",
      primaryClass   = "gr-qc",
      SLACcitation   = "%%CITATION = ARXIV:1212.5053;%%"
}
@article{Caputo:2020irr,
      author         = "Caputo, Andrea and Sberna, Laura and Toubiana, Alexandre
                        and Babak, Stanislav and Barausse, Enrico and Marsat,
                        Sylvain and Pani, Paolo",
      title          = "{Gravitational-wave detection and parameter estimation
                        for accreting black-hole binaries and their
                        electromagnetic counterpart}",
      year           = "2020",
      eprint         = "2001.03620",
      archivePrefix  = "arXiv",
      primaryClass   = "astro-ph.HE",
      SLACcitation   = "%%CITATION = ARXIV:2001.03620;%%"
}

@article{Tamanini:2019usx,
      author         = "Tamanini, Nicola and Klein, Antoine and Bonvin, Camille
                        and Barausse, Enrico and Caprini, Chiara",
      title          = "{The peculiar acceleration of stellar-origin black hole
                        binaries: measurement and biases with LISA}",
      year           = "2019",
      eprint         = "1907.02018",
      archivePrefix  = "arXiv",
      primaryClass   = "astro-ph.IM",
      SLACcitation   = "%%CITATION = ARXIV:1907.02018;%%"
}

@article{ETCDR2019,
      author         = "{ET Steering Committee Editorial Team}",
      title          = "{ET Design Update 2020}",
      journal        = "to appear",
}
@article{Hild:2008ng,
      author         = "Hild, Stefan and Chelkowski, Simon and Freise, Andreas",
      title          = "{Pushing towards the ET sensitivity using 'conventional'
                        technology}",
      year           = "2008",
      eprint         = "0810.0604",
      archivePrefix  = "arXiv",
      primaryClass   = "gr-qc",
      SLACcitation   = "%%CITATION = ARXIV:0810.0604;%%"
}
@article{Hild:2010id,
      author         = "Hild, S. and others",
      title          = "{Sensitivity Studies for Third-Generation Gravitational
                        Wave Observatories}",
      journal        = "Class. Quant. Grav.",
      volume         = "28",
      year           = "2011",
      pages          = "094013",
      doi            = "10.1088/0264-9381/28/9/094013",
      eprint         = "1012.0908",
      archivePrefix  = "arXiv",
      primaryClass   = "gr-qc",
      SLACcitation   = "%%CITATION = ARXIV:1012.0908;%%"
}
@article{Jimenez-Forteza:2018buh,
      author         = "Jim\'enez Forteza, Xisco and Abdelsalhin, Tiziano and
                        Pani, Paolo and Gualtieri, Leonardo",
      title          = "{Impact of high-order tidal terms on binary neutron-star
                        waveforms}",
      journal        = "Phys. Rev.",
      volume         = "D98",
      year           = "2018",
      pages          = "124014",
      doi            = "10.1103/PhysRevD.98.124014",
      eprint         = "1807.08016",
      archivePrefix  = "arXiv",
      primaryClass   = "gr-qc",
      SLACcitation   = "%%CITATION = ARXIV:1807.08016;%%"
}

@article{Bhagwat:2019dtm,
      author         = "Bhagwat, Swetha and Forteza, Xisco Jimenez and Pani,
                        Paolo and Ferrari, Valeria",
      title          = "{Ringdown overtones, black hole spectroscopy and, no-hair
                        theorem tests}",
      year           = "2019",
      eprint         = "1910.08708",
      archivePrefix  = "arXiv",
      primaryClass   = "gr-qc",
      SLACcitation   = "%%CITATION = ARXIV:1910.08708;%%"
}
@article{Maselli:2019mjd,
      author         = "Maselli, Andrea and Pani, Paolo and Gualtieri, Leonardo
                        and Berti, Emanuele",
      title          = "{Parametrized ringdown spin expansion coefficients: a
                        data-analysis framework for black-hole spectroscopy with
                        multiple events}",
      year           = "2019",
      eprint         = "1910.12893",
      archivePrefix  = "arXiv",
      primaryClass   = "gr-qc",
      SLACcitation   = "%%CITATION = ARXIV:1910.12893;%%"
}
@article{Testa:2018bzd,
      author         = "Testa, Adriano and Pani, Paolo",
      title          = "{Analytical template for gravitational-wave echoes:
                        signal characterization and prospects of detection with
                        current and future interferometers}",
      journal        = "Phys. Rev.",
      volume         = "D98",
      year           = "2018",
      pages          = "044018",
      doi            = "10.1103/PhysRevD.98.044018",
      eprint         = "1806.04253",
      archivePrefix  = "arXiv",
      primaryClass   = "gr-qc",
      SLACcitation   = "%%CITATION = ARXIV:1806.04253;%%"
}
@article{Maggio:2019zyv,
      author         = "Maggio, Elisa and Testa, Adriano and Bhagwat, Swetha and
                        Pani, Paolo",
      title          = "{Analytical model for gravitational-wave echoes from
                        spinning remnants}",
      journal        = "Phys. Rev.",
      volume         = "D100",
      year           = "2019",
      pages          = "064056",
      doi            = "10.1103/PhysRevD.100.064056",
      eprint         = "1907.03091",
      archivePrefix  = "arXiv",
      primaryClass   = "gr-qc",
      SLACcitation   = "%%CITATION = ARXIV:1907.03091;%%"
}
@article{Cardoso:2017cfl,
      author         = "Cardoso, Vitor and Franzin, Edgardo and Maselli, Andrea
                        and Pani, Paolo and Raposo, Guilherme",
      title          = "{Testing strong-field gravity with tidal Love numbers}",
      journal        = "Phys. Rev.",
      volume         = "D95",
      year           = "2017",
      pages          = "084014",
      doi            = "10.1103/PhysRevD.95.089901, 10.1103/PhysRevD.95.084014",
      note           = "[Addendum: Phys. Rev.D95,no.8,089901(2017)]",
      eprint         = "1701.01116",
      archivePrefix  = "arXiv",
      primaryClass   = "gr-qc",
      SLACcitation   = "%%CITATION = ARXIV:1701.01116;%%"
}
@article{3GScienceBook,
      author         = "{GWIC 3G Committee} and {the GWIC 3G Science Case Team} and
{the International 3G Science Team Consortium}",
      title          = "{3G Science Book}",
      journal        = "in preparation",
      year           = "2020",
      archivePrefix  = "arXiv",
      primaryClass   = "astro-ph.CO"
}

@article{Alexander:2018qzg,
      author         = "Alexander, Stephon and McDonough, Evan and Sims, Robert
                        and Yunes, Nicolas",
      title          = "{Hidden-Sector Modifications to Gravitational Waves From
                        Binary Inspirals}",
      journal        = "Class. Quant. Grav.",
      volume         = "35",
      year           = "2018",
      pages          = "235012",
      doi            = "10.1088/1361-6382/aaeb5c",
      eprint         = "1808.05286",
      archivePrefix  = "arXiv",
      primaryClass   = "gr-qc",
      SLACcitation   = "%%CITATION = ARXIV:1808.05286;%%"
}
@article{Moore:2019pke,
      author         = "Moore, Christopher J. and Gerosa, Davide and Klein,
                        Antoine",
      title          = "{Are stellar-mass black-hole binaries too quiet for
                        LISA?}",
      journal        = "Mon. Not. Roy. Astron. Soc.",
      volume         = "488",
      year           = "2019",
      pages          = "L94-L98",
      doi            = "10.1093/mnrasl/slz104",
      eprint         = "1905.11998",
      archivePrefix  = "arXiv",
      primaryClass   = "astro-ph.HE",
      SLACcitation   = "%%CITATION = ARXIV:1905.11998;%%"
}

@ARTICLE{Kasliwal2017,
       author = {{Kasliwal}, M.~M. and others},
        title = "{Illuminating gravitational waves: A concordant picture of photons from a neutron star merger}",
      journal = {Science},
     keywords = {ASTRONOMY, PHYSICS, Astrophysics - High Energy Astrophysical Phenomena, Astrophysics - Astrophysics of Galaxies, Astrophysics - Solar and Stellar Astrophysics, General Relativity and Quantum Cosmology},
         year = "2017",
        month = "Dec",
       volume = {358},
       number = {6370},
        pages = {1559-1565},
          doi = {10.1126/science.aap9455},
archivePrefix = {arXiv},
       eprint = {1710.05436},
 primaryClass = {astro-ph.HE},
       adsurl = {https://ui.adsabs.harvard.edu/abs/2017Sci...358.1559K},
      adsnote = {Provided by the SAO/NASA Astrophysics Data System}
}

@ARTICLE{Kathirgamaraju2018,
       author = {{Kathirgamaraju}, Adithan and {Barniol Duran}, Rodolfo and
         {Giannios}, Dimitrios},
        title = "{Off-axis short GRBs from structured jets as counterparts to GW events}",
      journal = {\mnras},
     keywords = {gravitational waves, methods: numerical, gamma-ray burst: general, Astrophysics - High Energy Astrophysical Phenomena},
         year = "2018",
        month = "Jan",
       volume = {473},
       number = {1},
        pages = {L121-L125},
          doi = {10.1093/mnrasl/slx175},
archivePrefix = {arXiv},
       eprint = {1708.07488},
 primaryClass = {astro-ph.HE},
       adsurl = {https://ui.adsabs.harvard.edu/abs/2018MNRAS.473L.121K},
      adsnote = {Provided by the SAO/NASA Astrophysics Data System}
}

@article{Reitze:2019iox,
      author         = "Reitze, David and others",
      title          = "{Cosmic Explorer: The U.S. Contribution to
                        Gravitational-Wave Astronomy beyond LIGO}",
      journal        = "Bull. Am. Astron. Soc.",
      volume         = "51",
      year           = "2019",
      pages          = "035",
      eprint         = "1907.04833",
      archivePrefix  = "arXiv",
      primaryClass   = "astro-ph.IM",
      reportNumber   = "LIGO-P1900316",
      SLACcitation   = "%%CITATION = ARXIV:1907.04833;%%"
}
@article{Mukherjee:2018ebj,
      author         = "Mukherjee, Suvodip and Wandelt, Benjamin D.",
      title          = "{Beyond the classical distance-redshift test:
                        cross-correlating redshift-free standard candles and
                        sirens with redshift surveys}",
      year           = "2018",
      eprint         = "1808.06615",
      archivePrefix  = "arXiv",
      primaryClass   = "astro-ph.CO",
      SLACcitation   = "%%CITATION = ARXIV:1808.06615;%%"
}
@article{Scelfo:2018sny,
      author         = "Scelfo, Giulio and Bellomo, Nicola and Raccanelli, Alvise
                        and Matarrese, Sabino and Verde, Licia",
      title          = "{GW$\times$LSS: chasing the progenitors of merging binary
                        black holes}",
      journal        = "JCAP",
      volume         = "1809",
      year           = "2018",
      number         = "09",
      pages          = "039",
      doi            = "10.1088/1475-7516/2018/09/039",
      eprint         = "1809.03528",
      archivePrefix  = "arXiv",
      primaryClass   = "astro-ph.CO",
      SLACcitation   = "%%CITATION = ARXIV:1809.03528;%%"
}
@article{Brito:2018rfr,
      author         = "Brito, Richard and Buonanno, Alessandra and Raymond,
                        Vivien",
      title          = "{Black-hole Spectroscopy by Making Full Use of
                        Gravitational-Wave Modeling}",
      journal        = "Phys. Rev.",
      volume         = "D98",
      year           = "2018",
      number         = "8",
      pages          = "084038",
      doi            = "10.1103/PhysRevD.98.084038",
      eprint         = "1805.00293",
      archivePrefix  = "arXiv",
      primaryClass   = "gr-qc",
      SLACcitation   = "%%CITATION = ARXIV:1805.00293;%%"
}
@article{Sathyaprakash:2019yqt,
      author         = "Sathyaprakash, B. S. and others",
      title          = "{Extreme Gravity and Fundamental Physics}",
      year           = "2019",
      eprint         = "1903.09221",
      archivePrefix  = "arXiv",
      primaryClass   = "astro-ph.HE",
      SLACcitation   = "%%CITATION = ARXIV:1903.09221;%%"
}
@article{Regimbau:2017,
  title = "{Digging Deeper: Observing Primordial Gravitational Waves below the Binary-Black-Hole-Produced Stochastic Background}",
  author = {Regimbau, T. and Evans, M. and Christensen, N. and Katsavounidis, E. and Sathyaprakash, B. and Vitale, S.},
  journal = {Phys. Rev. Lett.},
  volume = {118},
  issue = {15},
  pages = {151105},
  numpages = {6},
  year = {2017},
  month = {Apr},
  publisher = {American Physical Society},
  doi = {10.1103/PhysRevLett.118.151105},
  url = {https://link.aps.org/doi/10.1103/PhysRevLett.118.151105}
}

@article{Harms:2006,
  title = "{Big Bang Observer and the neutron-star-binary subtraction problem}",
  author = {Cutler, Curt and Harms, Jan},
  journal = {Phys. Rev. D},
  volume = {73},
  issue = {4},
  pages = {042001},
  numpages = {21},
  year = {2006},
  month = {Feb},
  publisher = {American Physical Society},
  doi = {10.1103/PhysRevD.73.042001},
  url = {http://link.aps.org/doi/10.1103/PhysRevD.73.042001}
}

@article{Smith:2018,
  title = "{Optimal Search for an Astrophysical Gravitational-Wave Background}",
  author = {Smith, Rory and Thrane, Eric},
  journal = {Phys. Rev. X},
  volume = {8},
  issue = {2},
  pages = {021019},
  numpages = {18},
  year = {2018},
  month = {Apr},
  publisher = {American Physical Society},
  doi = {10.1103/PhysRevX.8.021019},
  url = {https://link.aps.org/doi/10.1103/PhysRevX.8.021019}
}

@article{Amendola:2017ovw,
      author         = "Amendola, L. and Sawicki, I. and Kunz, M. and
                        Saltas, I. D.",
      title          = "{Direct detection of gravitational waves can measure the
                        time variation of the Planck mass}",
      journal        = "JCAP",
      volume         = "1808",
      year           = "2018",
      pages          = "030",
      doi            = "10.1088/1475-7516/2018/08/030",
      eprint         = "1712.08623",
      archivePrefix  = "arXiv",
      primaryClass   = "astro-ph.CO",
      SLACcitation   = "%%CITATION = ARXIV:1712.08623;%%"
}

@article{Punturo:2010zz,
      author         = "Punturo, M. and others",
      title          = "{The Einstein Telescope: A third-generation gravitational
                        wave observatory}",
      booktitle      = "{Proceedings, 14th Workshop on Gravitational wave data
                        analysis (GWDAW-14): Rome, Italy, January 26-29, 2010}",
      journal        = "Class. Quant. Grav.",
      volume         = "27",
      year           = "2010",
      pages          = "194002",
      doi            = "10.1088/0264-9381/27/19/194002",
      SLACcitation   = "%%CITATION = CQGRD,27,194002;%%"
}

@article{Sathyaprakash:2019nnu,
      author         = "Sathyaprakash, B. S. and others",
      title          = "{Cosmology and the Early Universe}",
      year           = "2019",
      eprint         = "1903.09260",
      archivePrefix  = "arXiv",
      primaryClass   = "astro-ph.HE",
      SLACcitation   = "%%CITATION = ARXIV:1903.09260;%%"
}
@article{Dwyer:2014fpa,
      author         = "Dwyer, Sheila and Sigg, Daniel and Ballmer, Stefan W. and
                        Barsotti, Lisa and Mavalvala, Nergis and Evans, Matthew",
      title          = "{Gravitational wave detector with cosmological reach}",
      journal        = "Phys. Rev.",
      volume         = "D91",
      year           = "2015",
      number         = "8",
      pages          = "082001",
      doi            = "10.1103/PhysRevD.91.082001",
      eprint         = "1410.0612",
      archivePrefix  = "arXiv",
      primaryClass   = "astro-ph.IM",
      SLACcitation   = "%%CITATION = ARXIV:1410.0612;%%"
}
@article{Abbott:2016blz,
      author         = "Abbott, B. P. and others",
      title          = "{Observation of Gravitational Waves from a Binary Black
                        Hole Merger}",
      journal        = "Phys. Rev. Lett.",
      volume         = "116",
      year           = "2016",
      number         = "6",
      pages          = "061102",
      doi            = "10.1103/PhysRevLett.116.061102",
      eprint         = "1602.03837",
      archivePrefix  = "arXiv",
      primaryClass   = "gr-qc",
      reportNumber   = "LIGO-P150914",
      SLACcitation   = "%%CITATION = ARXIV:1602.03837;%%"
}

@article{Cardoso:2019rvt,
      author         = "Cardoso, Vitor and Pani, Paolo",
      title          = "{Testing the nature of dark compact objects: a status
                        report}",
      journal        = "Living Rev. Rel.",
      volume         = "22",
      year           = "2019",
      number         = "1",
      pages          = "4",
      doi            = "10.1007/s41114-019-0020-4",
      eprint         = "1904.05363",
      archivePrefix  = "arXiv",
      primaryClass   = "gr-qc",
      SLACcitation   = "%%CITATION = ARXIV:1904.05363;%%"
}


@article{Gasperini:2002bn,
      author         = "Gasperini, M. and Veneziano, G.",
      title          = "{The Pre - big bang scenario in string cosmology}",
      journal        = "Phys. Rept.",
      volume         = "373",
      year           = "2003",
      pages          = "1-212",
      doi            = "10.1016/S0370-1573(02)00389-7",
      eprint         = "hep-th/0207130",
      archivePrefix  = "arXiv",
      primaryClass   = "hep-th",
      reportNumber   = "BA-TH-02-437, CERN-TH-2002-104",
      SLACcitation   = "%%CITATION = HEP-TH/0207130;%%"
}

@article{Figueroa:2019paj,
      author         = "Figueroa, Daniel G. and Tanin, Erwin H.",
      title          = "{Ability of LIGO and LISA to probe the equation of state
                        of the early Universe}",
      journal        = "JCAP",
      volume         = "1908",
      year           = "2019",
      pages          = "011",
      doi            = "10.1088/1475-7516/2019/08/011",
      eprint         = "1905.11960",
      archivePrefix  = "arXiv",
      primaryClass   = "astro-ph.CO",
      SLACcitation   = "%%CITATION = ARXIV:1905.11960;%%"
}

@article{Bartolo:2019oiq,
      author         = "Bartolo, N. and Bertacca, D. and Matarrese, S. and
                        Peloso, M. and Ricciardone, A. and Riotto, A. and
                        Tasinato, G.",
      title          = "{Anisotropies and non-Gaussianity of the Cosmological
                        Gravitational Wave Background}",
      year           = "2019",
      eprint         = "1908.00527",
      archivePrefix  = "arXiv",
      primaryClass   = "astro-ph.CO",
      SLACcitation   = "%%CITATION = ARXIV:1908.00527;%%"
}
@article{Bertacca:2017vod,
	Archiveprefix = {arXiv},
	Author = {Bertacca, Daniele and Raccanelli, Alvise and Bartolo, Nicola and Matarrese, Sabino},
	Date-Added = {2019-10-09 12:35:32 +0200},
	Date-Modified = {2019-10-09 12:35:32 +0200},
	Doi = {10.1016/j.dark.2018.03.001},
	Eprint = {1702.01750},
	Journal = {Phys. Dark Univ.},
	Pages = {32-40},
	Primaryclass = {gr-qc},
	Slaccitation = {%%CITATION = ARXIV:1702.01750;%%},
	Title = {{Cosmological perturbation effects on gravitational-wave luminosity distance estimates}},
	Volume = {20},
	Year = {2018},
	Bdsk-Url-1 = {https://doi.org/10.1016/j.dark.2018.03.001}}

@article{Bertacca:2019fnt,
	Archiveprefix = {arXiv},
	Author = {Bertacca, Daniele and Ricciardone, Angelo and Bellomo, Nicola and Jenkins, Alexander C. and Matarrese, Sabino and Raccanelli, Alvise and Regimbau, Tania and Sakellariadou, Mairi},
	Date-Added = {2019-10-09 12:35:23 +0200},
	Date-Modified = {2019-10-09 12:35:23 +0200},
	Eprint = {1909.11627},
	Primaryclass = {astro-ph.CO},
	Reportnumber = {CERN-TH-2019-153, KCL-PH-TH 2019-73},
	Slaccitation = {%%CITATION = ARXIV:1909.11627;%%},
	Title = {{Projection effects on the observed angular spectrum of the astrophysical stochastic gravitational wave background}},
	Year = {2019}}

@article{Jenkins:2018uac,
	Archiveprefix = {arXiv},
	Author = {Jenkins, Alexander C. and Sakellariadou, Mairi and Regimbau, Tania and Slezak, Eric},
	Date-Added = {2019-10-09 12:35:17 +0200},
	Date-Modified = {2019-10-09 12:35:17 +0200},
	Doi = {10.1103/PhysRevD.98.063501},
	Eprint = {1806.01718},
	Journal = {Phys. Rev.},
	Pages = {063501},
	Primaryclass = {astro-ph.CO},
	Reportnumber = {KCL-PH-TH/2018-23, KCL-PH-TH-2018-23},
	Slaccitation = {%%CITATION = ARXIV:1806.01718;%%},
	Title = {{Anisotropies in the astrophysical gravitational-wave background: Predictions for the detection of compact binaries by LIGO and Virgo}},
	Volume = {D98},
	Year = {2018},
	Bdsk-Url-1 = {https://doi.org/10.1103/PhysRevD.98.063501}}

@article{Cusin:2017fwz,
	Archiveprefix = {arXiv},
	Author = {Cusin, Giulia and Pitrou, Cyril and Uzan, Jean-Philippe},
	Date-Added = {2019-10-09 12:35:04 +0200},
	Date-Modified = {2019-10-09 12:35:04 +0200},
	Doi = {10.1103/PhysRevD.96.103019},
	Eprint = {1704.06184},
	Journal = {Phys. Rev.},
	Pages = {103019},
	Primaryclass = {astro-ph.CO},
	Slaccitation = {%%CITATION = ARXIV:1704.06184;%%},
	Title = {{Anisotropy of the astrophysical gravitational wave background: Analytic expression of the angular power spectrum and correlation with cosmological observations}},
	Volume = {D96},
	Year = {2017},
	Bdsk-Url-1 = {https://doi.org/10.1103/PhysRevD.96.103019}}

@article{Caprini:2019pxz,
	Archiveprefix = {arXiv},
	Author = {Caprini, Chiara and Figueroa, Daniel G. and Flauger, Raphael and Nardini, Germano and Peloso, Marco and Pieroni, Mauro and Ricciardone, Angelo and Tasinato, Gianmassimo},
	Date-Added = {2019-10-09 12:34:58 +0200},
	Date-Modified = {2019-10-09 12:34:58 +0200},
	Eprint = {1906.09244},
	Primaryclass = {astro-ph.CO},
	Reportnumber = {LISA-CosWG-19-02},
	Slaccitation = {%%CITATION = ARXIV:1906.09244;%%},
	Title = {{Reconstructing the spectral shape of a stochastic gravitational wave background with LISA}},
	Year = {2019}}

@article{Regimbau:2011rp,
	Archiveprefix = {arXiv},
	Author = {Regimbau, Tania},
	Date-Added = {2019-10-09 12:34:45 +0200},
	Date-Modified = {2019-10-09 12:34:45 +0200},
	Doi = {10.1088/1674-4527/11/4/001},
	Eprint = {1101.2762},
	Journal = {Res. Astron. Astrophys.},
	Pages = {369-390},
	Primaryclass = {astro-ph.CO},
	Slaccitation = {%%CITATION = ARXIV:1101.2762;%%},
	Title = {{The astrophysical gravitational wave stochastic background}},
	Volume = {11},
	Year = {2011},
	Bdsk-Url-1 = {https://doi.org/10.1088/1674-4527/11/4/001}}

@article{Seoane:2013qna,
	Archiveprefix = {arXiv},
	Author = {Seoane, Pau Amaro and others},
	Collaboration = {eLISA},
	Date-Added = {2019-10-09 12:34:33 +0200},
	Date-Modified = {2019-10-09 12:34:33 +0200},
	Eprint = {1305.5720},
	Primaryclass = {astro-ph.CO},
	Slaccitation = {%%CITATION = ARXIV:1305.5720;%%},
	Title = {{The Gravitational Universe}},
	Year = {2013}}

@article{Seto:2007tn,
	Archiveprefix = {arXiv},
	Author = {Seto, Naoki and Taruya, Atsushi},
	Date-Added = {2019-10-09 12:34:18 +0200},
	Date-Modified = {2019-10-09 12:34:18 +0200},
	Doi = {10.1103/PhysRevLett.99.121101},
	Eprint = {0707.0535},
	Journal = {Phys. Rev. Lett.},
	Pages = {121101},
	Primaryclass = {astro-ph},
	Reportnumber = {UTAP-576, RESCEU-3-07},
	Slaccitation = {%%CITATION = ARXIV:0707.0535;%%},
	Title = {{Measuring a Parity Violation Signature in the Early Universe via Ground-based Laser Interferometers}},
	Volume = {99},
	Year = {2007},
	Bdsk-Url-1 = {https://doi.org/10.1103/PhysRevLett.99.121101}}

@article{Greene:2000ew,
	Archiveprefix = {arXiv},
	Author = {Greene, Patrick B. and Kofman, Lev},
	Date-Added = {2019-10-09 12:33:30 +0200},
	Date-Modified = {2019-10-09 12:33:30 +0200},
	Doi = {10.1103/PhysRevD.62.123516},
	Eprint = {hep-ph/0003018},
	Journal = {Phys. Rev.},
	Pages = {123516},
	Primaryclass = {hep-ph},
	Reportnumber = {CITA-2000-05},
	Slaccitation = {%%CITATION = HEP-PH/0003018;%%},
	Title = {{On the theory of fermionic preheating}},
	Volume = {D62},
	Year = {2000},
	Bdsk-Url-1 = {https://doi.org/10.1103/PhysRevD.62.123516}}

@article{Greene:1998nh,
	Archiveprefix = {arXiv},
	Author = {Greene, Patrick B. and Kofman, Lev},
	Date-Added = {2019-10-09 12:33:21 +0200},
	Date-Modified = {2019-10-09 12:33:21 +0200},
	Doi = {10.1016/S0370-2693(99)00020-9},
	Eprint = {hep-ph/9807339},
	Journal = {Phys. Lett.},
	Pages = {6-12},
	Primaryclass = {hep-ph},
	Reportnumber = {UH-IFA-98-44},
	Slaccitation = {%%CITATION = HEP-PH/9807339;%%},
	Title = {{Preheating of fermions}},
	Volume = {B448},
	Year = {1999},
	Bdsk-Url-1 = {https://doi.org/10.1016/S0370-2693(99)00020-9}}

@article{Kofman:1997yn,
	Archiveprefix = {arXiv},
	Author = {Kofman, Lev and Linde, Andrei D. and Starobinsky, Alexei A.},
	Date-Added = {2019-10-09 12:33:06 +0200},
	Date-Modified = {2019-10-09 12:33:06 +0200},
	Doi = {10.1103/PhysRevD.56.3258},
	Eprint = {hep-ph/9704452},
	Journal = {Phys. Rev.},
	Pages = {3258-3295},
	Primaryclass = {hep-ph},
	Reportnumber = {IFA-97-28, SU-ITP-97-18},
	Slaccitation = {%%CITATION = HEP-PH/9704452;%%},
	Title = {{Towards the theory of reheating after inflation}},
	Volume = {D56},
	Year = {1997},
	Bdsk-Url-1 = {https://doi.org/10.1103/PhysRevD.56.3258}}

@article{Kofman:1994rk,
	Archiveprefix = {arXiv},
	Author = {Kofman, Lev and Linde, Andrei D. and Starobinsky, Alexei A.},
	Date-Added = {2019-10-09 12:32:56 +0200},
	Date-Modified = {2019-10-09 12:32:56 +0200},
	Doi = {10.1103/PhysRevLett.73.3195},
	Eprint = {hep-th/9405187},
	Journal = {Phys. Rev. Lett.},
	Pages = {3195-3198},
	Primaryclass = {hep-th},
	Reportnumber = {UH-IFA-94-35, SU-ITP-94-13, YITP-U-94-15},
	Slaccitation = {%%CITATION = HEP-TH/9405187;%%},
	Title = {{Reheating after inflation}},
	Volume = {73},
	Year = {1994},
	Bdsk-Url-1 = {https://doi.org/10.1103/PhysRevLett.73.3195}}

@article{Domcke:2019zls,
      author         = "Domcke, Valerie and Garcia-Bellido, Juan and Peloso,
                        Marco and Pieroni, Mauro and Ricciardone, Angelo and
                        Sorbo, Lorenzo and Tasinato, Gianmassimo",
      title          = "{Measuring the net circular polarization of the
                        stochastic gravitational wave background with
                        interferometers}",
      year           = "2019",
      eprint         = "1910.08052",
      archivePrefix  = "arXiv",
      primaryClass   = "astro-ph.CO",
      SLACcitation   = "%%CITATION = ARXIV:1910.08052;%%"
}

@article{ET-dipole,
	Author = {V.~Domcke and J.~Garcia-Bellido and M.~Peloso and M.~Pieroni and A.~Ricciardone and L.~Sorbo and G.~Tasinato},
	Date-Added = {2019-10-09 12:31:34 +0200},
	Date-Modified = {2019-10-09 12:32:16 +0200},
	Title = {To appear}}

@article{Bartolo:2015qvr,
	Archiveprefix = {arXiv},
	Author = {Bartolo, Nicola and Cannone, Dario and Ricciardone, Angelo and Tasinato, Gianmassimo},
	Date-Added = {2019-10-09 12:31:23 +0200},
	Date-Modified = {2019-10-09 12:31:23 +0200},
	Doi = {10.1088/1475-7516/2016/03/044},
	Eprint = {1511.07414},
	Journal = {JCAP},
	Number = {03},
	Pages = {044},
	Primaryclass = {astro-ph.CO},
	Slaccitation = {%%CITATION = ARXIV:1511.07414;%%},
	Title = {{Distinctive signatures of space-time diffeomorphism breaking in EFT of inflation}},
	Volume = {1603},
	Year = {2016},
	Bdsk-Url-1 = {https://doi.org/10.1088/1475-7516/2016/03/044}}

@article{Maggiore:1999vm,
	Archiveprefix = {arXiv},
	Author = {Maggiore, Michele},
	Date-Added = {2019-10-09 12:30:31 +0200},
	Date-Modified = {2019-10-09 12:30:31 +0200},
	Doi = {10.1016/S0370-1573(99)00102-7},
	Eprint = {gr-qc/9909001},
	Journal = {Phys. Rept.},
	Pages = {283-367},
	Primaryclass = {gr-qc},
	Reportnumber = {IFUP-TH-20-99},
	Slaccitation = {%%CITATION = GR-QC/9909001;%%},
	Title = {{Gravitational wave experiments and early universe cosmology}},
	Volume = {331},
	Year = {2000},
	Bdsk-Url-1 = {https://doi.org/10.1016/S0370-1573(99)00102-7}}

@article{Lorenz:2010sm,
	Archiveprefix = {arXiv},
	Author = {Lorenz, Larissa and Ringeval, Christophe and Sakellariadou, Mairi},
	Doi = {10.1088/1475-7516/2010/10/003},
	Eprint = {1006.0931},
	Journal = {JCAP},
	Pages = {003},
	Primaryclass = {astro-ph.CO},
	Slaccitation = {%%CITATION = ARXIV:1006.0931;%%},
	Title = {{Cosmic string loop distribution on all length scales and at any redshift}},
	Volume = {1010},
	Year = {2010},
	Bdsk-Url-1 = {https://doi.org/10.1088/1475-7516/2010/10/003}}

@article{Blanco-Pillado:2019nto,
	Archiveprefix = {arXiv},
	Author = {Blanco-Pillado, Jose J. and Olum, Ken D. and Wachter, Jeremy M.},
	Doi = {10.1103/PhysRevD.100.023535},
	Eprint = {1903.06079},
	Journal = {Phys. Rev.},
	Number = {2},
	Pages = {023535},
	Primaryclass = {gr-qc},
	Slaccitation = {%%CITATION = ARXIV:1903.06079;%%},
	Title = {{Gravitational backreaction simulations of simple cosmic string loops}},
	Volume = {D100},
	Year = {2019},
	Bdsk-Url-1 = {https://doi.org/10.1103/PhysRevD.100.023535}}

@article{Cook:2011hg,
	Archiveprefix = {arXiv},
	Author = {Cook, Jessica L. and Sorbo, Lorenzo},
	Doi = {10.1103/PhysRevD.86.069901, 10.1103/PhysRevD.85.023534},
	Eprint = {1109.0022},
	Journal = {Phys. Rev.},
	Note = {[Erratum: Phys. Rev.D86,069901(2012)]},
	Pages = {023534},
	Primaryclass = {astro-ph.CO},
	Slaccitation = {%%CITATION = ARXIV:1109.0022;%%},
	Title = {{Particle production during inflation and gravitational waves detectable by ground-based interferometers}},
	Volume = {D85},
	Year = {2012},
	Bdsk-Url-1 = {https://doi.org/10.1103/PhysRevD.86.069901,%2010.1103/PhysRevD.85.023534}}

@article{Brustein:1995ah,
	Archiveprefix = {arXiv},
	Author = {Brustein, R. and Gasperini, M. and Giovannini, Massimo and Veneziano, G.},
	Doi = {10.1016/0370-2693(95)01128-D},
	Eprint = {hep-th/9507017},
	Journal = {Phys. Lett.},
	Pages = {45-51},
	Primaryclass = {hep-th},
	Reportnumber = {CERN-TH-95-144, BGU-PH-95-06},
	Slaccitation = {%%CITATION = HEP-TH/9507017;%%},
	Title = {{Relic gravitational waves from string cosmology}},
	Volume = {B361},
	Year = {1995},
	Bdsk-Url-1 = {https://doi.org/10.1016/0370-2693(95)01128-D}}

@article{Buonanno:1996xc,
	Archiveprefix = {arXiv},
	Author = {Buonanno, Alessandra and Maggiore, Michele and Ungarelli, Carlo},
	Doi = {10.1103/PhysRevD.55.3330},
	Eprint = {gr-qc/9605072},
	Journal = {Phys. Rev.},
	Pages = {3330-3336},
	Primaryclass = {gr-qc},
	Reportnumber = {IFUP-TH-25-96},
	Slaccitation = {%%CITATION = GR-QC/9605072;%%},
	Title = {{Spectrum of relic gravitational waves in string cosmology}},
	Volume = {D55},
	Year = {1997},
	Bdsk-Url-1 = {https://doi.org/10.1103/PhysRevD.55.3330}}

@article{Jeannerot:2003qv,
	Archiveprefix = {arXiv},
	Author = {Jeannerot, Rachel and Rocher, Jonathan and Sakellariadou, Mairi},
	Doi = {10.1103/PhysRevD.68.103514},
	Eprint = {hep-ph/0308134},
	Journal = {Phys. Rev.},
	Pages = {103514},
	Primaryclass = {hep-ph},
	Slaccitation = {%%CITATION = HEP-PH/0308134;%%},
	Title = {{How generic is cosmic string formation in SUSY GUTs}},
	Volume = {D68},
	Year = {2003},
	Bdsk-Url-1 = {https://doi.org/10.1103/PhysRevD.68.103514}}

@article{Gogoberidze:2007an,
	Archiveprefix = {arXiv},
	Author = {Gogoberidze, Grigol and Kahniashvili, Tina and Kosowsky, Arthur},
	Doi = {10.1103/PhysRevD.76.083002},
	Eprint = {0705.1733},
	Journal = {Phys. Rev.},
	Pages = {083002},
	Primaryclass = {astro-ph},
	Slaccitation = {%%CITATION = ARXIV:0705.1733;%%},
	Title = {{The Spectrum of Gravitational Radiation from Primordial Turbulence}},
	Volume = {D76},
	Year = {2007},
	Bdsk-Url-1 = {https://doi.org/10.1103/PhysRevD.76.083002}}

@article{Baumann:2018vus,
	Archiveprefix = {arXiv},
	Author = {Baumann, Daniel and Chia, Horng Sheng and Porto, Rafael A.},
	Doi = {10.1103/PhysRevD.99.044001},
	Eprint = {1804.03208},
	Journal = {Phys. Rev.},
	Number = {4},
	Pages = {044001},
	Primaryclass = {gr-qc},
	Reportnumber = {DESY-18-060, DESY 18-060},
	Slaccitation = {%%CITATION = ARXIV:1804.03208;%%},
	Title = {{Probing Ultralight Bosons with Binary Black Holes}},
	Volume = {D99},
	Year = {2019},
	Bdsk-Url-1 = {https://doi.org/10.1103/PhysRevD.99.044001}}

@article{East:2017ovw,
	Archiveprefix = {arXiv},
	Author = {East, William E. and Pretorius, Frans},
	Doi = {10.1103/PhysRevLett.119.041101},
	Eprint = {1704.04791},
	Journal = {Phys. Rev. Lett.},
	Number = {4},
	Pages = {041101},
	Primaryclass = {gr-qc},
	Slaccitation = {%%CITATION = ARXIV:1704.04791;%%},
	Title = {{Superradiant Instability and Backreaction of Massive Vector Fields around Kerr Black Holes}},
	Volume = {119},
	Year = {2017},
	Bdsk-Url-1 = {https://doi.org/10.1103/PhysRevLett.119.041101}}

@article{Brito:2014wla,
	Archiveprefix = {arXiv},
	Author = {Brito, Richard and Cardoso, Vitor and Pani, Paolo},
	Doi = {10.1088/0264-9381/32/13/134001},
	Eprint = {1411.0686},
	Journal = {Class. Quant. Grav.},
	Number = {13},
	Pages = {134001},
	Primaryclass = {gr-qc},
	Slaccitation = {%%CITATION = ARXIV:1411.0686;%%},
	Title = {{Black holes as particle detectors: evolution of superradiant instabilities}},
	Volume = {32},
	Year = {2015},
	Bdsk-Url-1 = {https://doi.org/10.1088/0264-9381/32/13/134001}}

@article{Arvanitaki:2010sy,
	Archiveprefix = {arXiv},
	Author = {Arvanitaki, Asimina and Dubovsky, Sergei},
	Doi = {10.1103/PhysRevD.83.044026},
	Eprint = {1004.3558},
	Journal = {Phys. Rev.},
	Pages = {044026},
	Primaryclass = {hep-th},
	Slaccitation = {%%CITATION = ARXIV:1004.3558;%%},
	Title = {{Exploring the String Axiverse with Precision Black Hole Physics}},
	Volume = {D83},
	Year = {2011},
	Bdsk-Url-1 = {https://doi.org/10.1103/PhysRevD.83.044026}}

@article{Hui:2016ltb,
	Archiveprefix = {arXiv},
	Author = {Hui, Lam and Ostriker, Jeremiah P. and Tremaine, Scott and Witten, Edward},
	Doi = {10.1103/PhysRevD.95.043541},
	Eprint = {1610.08297},
	Journal = {Phys. Rev.},
	Number = {4},
	Pages = {043541},
	Primaryclass = {astro-ph.CO},
	Slaccitation = {%%CITATION = ARXIV:1610.08297;%%},
	Title = {{Ultralight scalars as cosmological dark matter}},
	Volume = {D95},
	Year = {2017},
	Bdsk-Url-1 = {https://doi.org/10.1103/PhysRevD.95.043541}}

@inproceedings{Essig:2013lka,
	Archiveprefix = {arXiv},
	Author = {Essig, Rouven and others},
	Booktitle = {{Proceedings, 2013 Community Summer Study on the Future of U.S. Particle Physics: Snowmass on the Mississippi (CSS2013): Minneapolis, MN, USA, July 29-August 6, 2013}},
	Eprint = {1311.0029},
	Primaryclass = {hep-ph},
	Reportnumber = {YITP-SB-36},
	Slaccitation = {%%CITATION = ARXIV:1311.0029;%%},
	Title = {{Working Group Report: New Light Weakly Coupled Particles}},
	Url = {http://www.slac.stanford.edu/econf/C1307292/docs/IntensityFrontier/NewLight-17.pdf},
	Year = {2013},
	Bdsk-Url-1 = {http://www.slac.stanford.edu/econf/C1307292/docs/IntensityFrontier/NewLight-17.pdf}}

@article{Kouvaris:2018wnh,
	Archiveprefix = {arXiv},
	Author = {Kouvaris, Chris and Tinyakov, Peter and Tytgat, Michel H. G.},
	Doi = {10.1103/PhysRevLett.121.221102},
	Eprint = {1804.06740},
	Journal = {Phys. Rev. Lett.},
	Number = {22},
	Pages = {221102},
	Primaryclass = {astro-ph.HE},
	Reportnumber = {ULB-TH-18-05, CP3-ORIGINS-2018-014, ULB-TH/18-05, CP3-Origins-2018-014 DNRF90},
	Slaccitation = {%%CITATION = ARXIV:1804.06740;%%},
	Title = {{NonPrimordial Solar Mass Black Holes}},
	Volume = {121},
	Year = {2018},
	Bdsk-Url-1 = {https://doi.org/10.1103/PhysRevLett.121.221102}}

@article{Bramante:2017ulk,
	Archiveprefix = {arXiv},
	Author = {Bramante, Joseph and Linden, Tim and Tsai, Yu-Dai},
	Doi = {10.1103/PhysRevD.97.055016},
	Eprint = {1706.00001},
	Journal = {Phys. Rev.},
	Number = {5},
	Pages = {055016},
	Primaryclass = {hep-ph},
	Slaccitation = {%%CITATION = ARXIV:1706.00001;%%},
	Title = {{Searching for dark matter with neutron star mergers and quiet kilonovae}},
	Volume = {D97},
	Year = {2018},
	Bdsk-Url-1 = {https://doi.org/10.1103/PhysRevD.97.055016}}

@article{Gould:1989gw,
	Author = {Gould, Andrew and Draine, Bruce T. and Romani, Roger W. and Nussinov, Shmuel},
	Doi = {10.1016/0370-2693(90)91745-W},
	Journal = {Phys. Lett.},
	Pages = {337-343},
	Reportnumber = {IASSNS-AST 89/55},
	Slaccitation = {%%CITATION = PHLTA,B238,337;%%},
	Title = {{Neutron Stars: Graveyard of Charged Dark Matter}},
	Volume = {B238},
	Year = {1990},
	Bdsk-Url-1 = {https://doi.org/10.1016/0370-2693(90)91745-W}}

@article{Barausse:2016eii,
	Archiveprefix = {arXiv},
	Author = {Barausse, Enrico and Yunes, Nicolas and Chamberlain, Katie},
	Doi = {10.1103/PhysRevLett.116.241104},
	Eprint = {1603.04075},
	Journal = {Phys. Rev. Lett.},
	Number = {24},
	Pages = {241104},
	Primaryclass = {gr-qc},
	Slaccitation = {%%CITATION = ARXIV:1603.04075;%%},
	Title = {{Theory-Agnostic Constraints on Black-Hole Dipole Radiation with Multiband Gravitational-Wave Astrophysics}},
	Volume = {116},
	Year = {2016},
	Bdsk-Url-1 = {https://doi.org/10.1103/PhysRevLett.116.241104}}

@article{Krishnendu:2017shb,
	Archiveprefix = {arXiv},
	Author = {Krishnendu, N. V. and Arun, K. G. and Mishra, Chandra Kant},
	Doi = {10.1103/PhysRevLett.119.091101},
	Eprint = {1701.06318},
	Journal = {Phys. Rev. Lett.},
	Number = {9},
	Pages = {091101},
	Primaryclass = {gr-qc},
	Slaccitation = {%%CITATION = ARXIV:1701.06318;%%},
	Title = {{Testing the binary black hole nature of a compact binary coalescence}},
	Volume = {119},
	Year = {2017},
	Bdsk-Url-1 = {https://doi.org/10.1103/PhysRevLett.119.091101}}

@article{Messenger:2011gi,
	Archiveprefix = {arXiv},
	Author = {Messenger, C. and Read, J.},
	Doi = {10.1103/PhysRevLett.108.091101},
	Eprint = {1107.5725},
	Journal = {Phys. Rev. Lett.},
	Pages = {091101},
	Primaryclass = {gr-qc},
	Slaccitation = {%%CITATION = ARXIV:1107.5725;%%},
	Title = {{Measuring a cosmological distance-redshift relationship using only gravitational wave observations of binary neutron star coalescences}},
	Volume = {108},
	Year = {2012},
	Bdsk-Url-1 = {https://doi.org/10.1103/PhysRevLett.108.091101}}

@article{Belgacem:2020pdz,
      author         = "Belgacem, Enis and Dirian, Yves and Finke, Andreas and
                        Foffa, Stefano and Maggiore, Michele",
      title          = "{Gravity in the infrared and effective nonlocal models}",
      year           = "2020",
      eprint         = "2001.07619",
      archivePrefix  = "arXiv",
      primaryClass   = "astro-ph.CO",
      SLACcitation   = "%%CITATION = ARXIV:2001.07619;%%"
}
@article{Belgacem:2019lwx,
      author         = "Belgacem, Enis and Dirian, Yves and Finke, Andreas and
                        Foffa, Stefano and Maggiore, Michele",
      title          = "{Nonlocal gravity and gravitational-wave observations}",
      journal        = "JCAP",
      volume         = "1911",
      year           = "2019",
      pages          = "022",
      doi            = "10.1088/1475-7516/2019/11/022",
      eprint         = "1907.02047",
      archivePrefix  = "arXiv",
      primaryClass   = "astro-ph.CO",
      SLACcitation   = "%%CITATION = ARXIV:1907.02047;%%"
}

@article{Belgacem:2019pkk,
	Archiveprefix = {arXiv},
	Author = {Belgacem, Enis and others},
	Collaboration = {LISA Cosmology Working Group},
	Doi = {10.1088/1475-7516/2019/07/024},
	Eprint = {1906.01593},
	Journal = {JCAP},
	Pages = {024},
	Primaryclass = {astro-ph.CO},
	Reportnumber = {LISA CosWG-19-01; IFT-UAM-CSIC-19-79, LISA CosWG-19-01},
	Slaccitation = {%%CITATION = ARXIV:1906.01593;%%},
	Title = {{Testing modified gravity at cosmological distances with LISA standard sirens}},
	Volume = {1907},
	Year = {2019},
	Bdsk-Url-1 = {https://doi.org/10.1088/1475-7516/2019/07/024}}

@article{Abbott:2018xao,
	Archiveprefix = {arXiv},
	Author = {Abbott, T. M. C. and others},
	Collaboration = {DES},
	Doi = {10.1103/PhysRevD.99.123505},
	Eprint = {1810.02499},
	Journal = {Phys. Rev.},
	Pages = {123505},
	Primaryclass = {astro-ph.CO},
	Reportnumber = {FERMILAB-PUB-18-507-PPD},
	Slaccitation = {%%CITATION = ARXIV:1810.02499;%%},
	Title = {{Dark Energy Survey Year 1 Results: Constraints on Extended Cosmological Models from Galaxy Clustering and Weak Lensing}},
	Volume = {D99},
	Year = {2019},
	Bdsk-Url-1 = {https://doi.org/10.1103/PhysRevD.99.123505}}

@article{Aghanim:2018eyx,
	Archiveprefix = {arXiv},
	Author = {Aghanim, N. and others},
	Collaboration = {Planck},
	Eprint = {1807.06209},
	Primaryclass = {astro-ph.CO},
	Slaccitation = {%%CITATION = ARXIV:1807.06209;%%},
	Title = {{Planck 2018 results. VI. Cosmological parameters}},
	Year = {2018}}

@article{Wong:2019kwg,
	Archiveprefix = {arXiv},
	Author = {Wong, Kenneth C. and others},
	Eprint = {1907.04869},
	Primaryclass = {astro-ph.CO},
	Slaccitation = {%%CITATION = ARXIV:1907.04869;%%},
	Title = {{H0LiCOW XIII. A 2.4\% measurement of $H_{0}$ from lensed quasars: $5.3\sigma$ tension between early and late-Universe probes}},
	Year = {2019}}

@article{Riess:1998cb,
	Archiveprefix = {arXiv},
	Author = {Riess, A. G. and others},
	Collaboration = {Supernova Search Team},
	Doi = {10.1086/300499},
	Eprint = {astro-ph/9805201},
	Journal = {Astron.J.},
	Pages = {1009-1038},
	Primaryclass = {astro-ph},
	Slaccitation = {%%CITATION = ASTRO-PH/9805201;%%},
	Title = {{Observational evidence from supernovae for an accelerating universe and a cosmological constant}},
	Volume = {116},
	Year = {1998},
	Bdsk-Url-1 = {https://doi.org/10.1086/300499}}

@article{Perlmutter:1998np,
	Archiveprefix = {arXiv},
	Author = {Perlmutter, S. and others},
	Collaboration = {Supernova Cosmology Project},
	Doi = {10.1086/307221},
	Eprint = {astro-ph/9812133},
	Journal = {Astrophys.J.},
	Pages = {565-586},
	Primaryclass = {astro-ph},
	Reportnumber = {LBNL-41801, LBL-41801},
	Slaccitation = {%%CITATION = ASTRO-PH/9812133;%%},
	Title = {{Measurements of Omega and Lambda from 42 high redshift supernovae}},
	Volume = {517},
	Year = {1999},
	Bdsk-Url-1 = {https://doi.org/10.1086/307221}}

@article{Taylor:2012db,
	Archiveprefix = {arXiv},
	Author = {Taylor, S. R. and Gair, J. R.},
	Doi = {10.1103/PhysRevD.86.023502},
	Eprint = {1204.6739},
	Journal = {Phys. Rev.},
	Pages = {023502},
	Primaryclass = {astro-ph.CO},
	Slaccitation = {%%CITATION = ARXIV:1204.6739;%%},
	Title = {{Cosmology with the lights off: standard sirens in the Einstein Telescope era}},
	Volume = {D86},
	Year = {2012},
	Bdsk-Url-1 = {https://doi.org/10.1103/PhysRevD.86.023502}}

@article{Taylor:2011fs,
	Archiveprefix = {arXiv},
	Author = {Taylor, Stephen R. and Gair, Jonathan R. and Mandel, Ilya},
	Doi = {10.1103/PhysRevD.85.023535},
	Eprint = {1108.5161},
	Journal = {Phys. Rev.},
	Pages = {023535},
	Primaryclass = {gr-qc},
	Slaccitation = {%%CITATION = ARXIV:1108.5161;%%},
	Title = {{Hubble without the Hubble: Cosmology using advanced gravitational-wave detectors alone}},
	Volume = {D85},
	Year = {2012},
	Bdsk-Url-1 = {https://doi.org/10.1103/PhysRevD.85.023535}}

@article{DelPozzo:2011yh,
	Archiveprefix = {arXiv},
	Author = {Del Pozzo, Walter},
	Doi = {10.1103/PhysRevD.86.043011},
	Eprint = {1108.1317},
	Journal = {Phys. Rev.},
	Pages = {043011},
	Primaryclass = {astro-ph.CO},
	Slaccitation = {%%CITATION = ARXIV:1108.1317;%%},
	Title = {{Inference of the cosmological parameters from gravitational waves: application to second generation interferometers}},
	Volume = {D86},
	Year = {2012},
	Bdsk-Url-1 = {https://doi.org/10.1103/PhysRevD.86.043011}}

@article{Schutz:1986gp,
	Author = {Schutz, Bernard F.},
	Doi = {10.1038/323310a0},
	Journal = {Nature},
	Pages = {310-311},
	Slaccitation = {%%CITATION = NATUA,323,310;%%},
	Title = {{Determining the Hubble Constant from Gravitational Wave Observations}},
	Volume = {323},
	Year = {1986},
	Bdsk-Url-1 = {https://doi.org/10.1038/323310a0}}

@article{Cardoso:2019apo,
	Archiveprefix = {arXiv},
	Author = {Cardoso, Vitor and Foit, Valentino F. and Kleban, Matthew},
	Doi = {10.1088/1475-7516/2019/08/006},
	Eprint = {1902.10164},
	Journal = {JCAP},
	Pages = {006},
	Primaryclass = {hep-th},
	Slaccitation = {%%CITATION = ARXIV:1902.10164;%%},
	Title = {{Gravitational wave echoes from black hole area quantization}},
	Volume = {1908},
	Year = {2019},
	Bdsk-Url-1 = {https://doi.org/10.1088/1475-7516/2019/08/006}}

@article{Mathur:2005zp,
	Archiveprefix = {arXiv},
	Author = {Mathur, Samir D.},
	Booktitle = {{The quantum structure of space-time and the geometric nature of fundamental interactions. Proceedings, 4th Meeting, RTN2004, Kolymbari, Crete, Greece, September 5-10, 2004}},
	Doi = {10.1002/prop.200410203},
	Eprint = {hep-th/0502050},
	Journal = {Fortsch. Phys.},
	Pages = {793-827},
	Primaryclass = {hep-th},
	Slaccitation = {%%CITATION = HEP-TH/0502050;%%},
	Title = {{The Fuzzball proposal for black holes: An Elementary review}},
	Volume = {53},
	Year = {2005},
	Bdsk-Url-1 = {https://doi.org/10.1002/prop.200410203}}

@article{Almheiri:2012rt,
	Archiveprefix = {arXiv},
	Author = {Almheiri, Ahmed and Marolf, Donald and Polchinski, Joseph and Sully, James},
	Doi = {10.1007/JHEP02(2013)062},
	Eprint = {1207.3123},
	Journal = {JHEP},
	Pages = {062},
	Primaryclass = {hep-th},
	Slaccitation = {%%CITATION = ARXIV:1207.3123;%%},
	Title = {{Black Holes: Complementarity or Firewalls?}},
	Volume = {02},
	Year = {2013},
	Bdsk-Url-1 = {https://doi.org/10.1007/JHEP02(2013)062}}

@article{Cardoso:2016oxy,
	Archiveprefix = {arXiv},
	Author = {Cardoso, Vitor and Hopper, Seth and Macedo, Caio F. B. and Palenzuela, Carlos and Pani, Paolo},
	Doi = {10.1103/PhysRevD.94.084031},
	Eprint = {1608.08637},
	Journal = {Phys. Rev.},
	Number = {8},
	Pages = {084031},
	Primaryclass = {gr-qc},
	Slaccitation = {%%CITATION = ARXIV:1608.08637;%%},
	Title = {{Gravitational-wave signatures of exotic compact objects and of quantum corrections at the horizon scale}},
	Volume = {D94},
	Year = {2016},
	Bdsk-Url-1 = {https://doi.org/10.1103/PhysRevD.94.084031}}

@article{Cardoso:2016rao,
	Archiveprefix = {arXiv},
	Author = {Cardoso, Vitor and Franzin, Edgardo and Pani, Paolo},
	Doi = {10.1103/PhysRevLett.117.089902, 10.1103/PhysRevLett.116.171101},
	Eprint = {1602.07309},
	Journal = {Phys. Rev. Lett.},
	Note = {[Erratum: Phys. Rev. Lett.117,no.8,089902(2016)]},
	Number = {17},
	Pages = {171101},
	Primaryclass = {gr-qc},
	Slaccitation = {%%CITATION = ARXIV:1602.07309;%%},
	Title = {{Is the gravitational-wave ringdown a probe of the event horizon?}},
	Volume = {116},
	Year = {2016},
	Bdsk-Url-1 = {https://doi.org/10.1103/PhysRevLett.117.089902,%2010.1103/PhysRevLett.116.171101}}

@article{Cardoso:2017cqb,
	Archiveprefix = {arXiv},
	Author = {Cardoso, Vitor and Pani, Paolo},
	Doi = {10.1038/s41550-017-0225-y},
	Eprint = {1709.01525},
	Journal = {Nat. Astron.},
	Number = {9},
	Pages = {586-591},
	Primaryclass = {gr-qc},
	Slaccitation = {%%CITATION = ARXIV:1709.01525;%%},
	Title = {{Tests for the existence of black holes through gravitational wave echoes}},
	Volume = {1},
	Year = {2017},
	Bdsk-Url-1 = {https://doi.org/10.1038/s41550-017-0225-y}}

@article{Berti:2009kk,
	Archiveprefix = {arXiv},
	Author = {Berti, Emanuele and Cardoso, Vitor and Starinets, Andrei O.},
	Doi = {10.1088/0264-9381/26/16/163001},
	Eprint = {0905.2975},
	Journal = {Class. Quant. Grav.},
	Pages = {163001},
	Primaryclass = {gr-qc},
	Slaccitation = {%%CITATION = ARXIV:0905.2975;%%},
	Title = {{Quasinormal modes of black holes and black branes}},
	Volume = {26},
	Year = {2009},
	Bdsk-Url-1 = {https://doi.org/10.1088/0264-9381/26/16/163001}}

@article{Garcia-Bellido:2017fdg,
	Archiveprefix = {arXiv},
	Author = {Garcia-Bellido, Juan},
	Booktitle = {{Proceedings, 11th International LISA Symposium: Zurich, Switzerland, September 5-9, 2016}},
	Doi = {10.1088/1742-6596/840/1/012032},
	Eprint = {1702.08275},
	Journal = {J. Phys. Conf. Ser.},
	Number = {1},
	Pages = {012032},
	Primaryclass = {astro-ph.CO},
	Reportnumber = {IFT-UAM-CSIC-17-016},
	Slaccitation = {%%CITATION = ARXIV:1702.08275;%%},
	Title = {{Massive Primordial Black Holes as Dark Matter and their detection with Gravitational Waves}},
	Volume = {840},
	Year = {2017},
	Bdsk-Url-1 = {https://doi.org/10.1088/1742-6596/840/1/012032}}

@article{Clesse:2016ajp,
	Archiveprefix = {arXiv},
	Author = {Clesse, Sebastien and Garcia-Bellido, Juan},
	Doi = {10.1016/j.dark.2017.10.001},
	Eprint = {1610.08479},
	Journal = {Phys. Dark Univ.},
	Pages = {105-114},
	Primaryclass = {astro-ph.CO},
	Reportnumber = {TTK-16-42, IFT-UAM-CSIC-16-098},
	Slaccitation = {%%CITATION = ARXIV:1610.08479;%%},
	Title = {{Detecting the gravitational wave background from primordial black hole dark matter}},
	Volume = {18},
	Year = {2017},
	Bdsk-Url-1 = {https://doi.org/10.1016/j.dark.2017.10.001}}

@article{Clesse:2016vqa,
	Archiveprefix = {arXiv},
	Author = {Clesse, Sebastien and Garcia-Bellido, Juan},
	Doi = {10.1016/j.dark.2016.10.002},
	Eprint = {1603.05234},
	Journal = {Phys. Dark Univ.},
	Pages = {142-147},
	Primaryclass = {astro-ph.CO},
	Reportnumber = {TTK-16-10, IFT-UAM-CSIC-16-027},
	Slaccitation = {%%CITATION = ARXIV:1603.05234;%%},
	Title = {{The clustering of massive Primordial Black Holes as Dark Matter: measuring their mass distribution with Advanced LIGO}},
	Volume = {15},
	Year = {2017},
	Bdsk-Url-1 = {https://doi.org/10.1016/j.dark.2016.10.002}}

@article{Garcia-Bellido:2019vlf,
	Archiveprefix = {arXiv},
	Author = {Garcia-Bellido, Juan and Carr, Bernard and Clesse, Sebastien},
	Eprint = {1904.11482},
	Primaryclass = {astro-ph.CO},
	Slaccitation = {%%CITATION = ARXIV:1904.11482;%%},
	Title = {{A common origin for baryons and dark matter}},
	Year = {2019}}

@article{Carr:2019hud,
	Archiveprefix = {arXiv},
	Author = {Carr, Bernard and Clesse, Sebastien and Garcia-Bellido, Juan},
	Eprint = {1904.02129},
	Primaryclass = {astro-ph.CO},
	Slaccitation = {%%CITATION = ARXIV:1904.02129;%%},
	Title = {{Primordial black holes, dark matter and hot-spot electroweak baryogenesis at the quark-hadron epoch}},
	Year = {2019}}

@article{Tso:2018pdv,
	Archiveprefix = {arXiv},
	Author = {Tso, Rhondale and Gerosa, Davide and Chen, Yanbei},
	Doi = {10.1103/PhysRevD.99.124043},
	Eprint = {1807.00075},
	Journal = {Phys. Rev.},
	Pages = {124043},
	Primaryclass = {gr-qc},
	Slaccitation = {%%CITATION = ARXIV:1807.00075;%%},
	Title = {{Optimizing LIGO with LISA forewarnings to improve black-hole spectroscopy}},
	Volume = {D99},
	Year = {2019},
	Bdsk-Url-1 = {https://doi.org/10.1103/PhysRevD.99.124043}}



@article{Vitale:2016rfr,
	Archiveprefix = {arXiv},
	Author = {Vitale, Salvatore},
	Doi = {10.1103/PhysRevLett.117.051102},
	Eprint = {1605.01037},
	Journal = {Phys. Rev. Lett.},
	Number = {5},
	Pages = {051102},
	Primaryclass = {gr-qc},
	Reportnumber = {LIGO-P1600138},
	Slaccitation = {%%CITATION = ARXIV:1605.01037;%%},
	Title = {{Multiband Gravitational-Wave Astronomy: Parameter Estimation and Tests of General Relativity with Space- and Ground-Based Detectors}},
	Volume = {117},
	Year = {2016},
	Bdsk-Url-1 = {https://doi.org/10.1103/PhysRevLett.117.051102}}

@article{Sesana:2016ljz,
	Archiveprefix = {arXiv},
	Author = {Sesana, Alberto},
	Doi = {10.1103/PhysRevLett.116.231102},
	Eprint = {1602.06951},
	Journal = {Phys. Rev. Lett.},
	Pages = {231102},
	Primaryclass = {gr-qc},
	Slaccitation = {%%CITATION = ARXIV:1602.06951;%%},
	Title = {{Prospects for Multiband Gravitational-Wave Astronomy after GW150914}},
	Volume = {116},
	Year = {2016},
	Bdsk-Url-1 = {https://doi.org/10.1103/PhysRevLett.116.231102}}

@article{Audley:2017drz,
	Archiveprefix = {arXiv},
	Author = {Amaro-Seoane, P. and others},
	Eprint = {1702.00786},
	Primaryclass = {astro-ph.IM},
	Slaccitation = {%%CITATION = ARXIV:1702.00786;%%},
	Title = {{Laser Interferometer Space Antenna}},
	Year = {2017}}

@article{Belgacem:2019tbw,
	Archiveprefix = {arXiv},
	Author = {Belgacem, Enis and Dirian, Yves and Foffa, Stefano and Howell, Eric J. and Maggiore, Michele and Regimbau, Tania},
	Doi = {10.1088/1475-7516/2019/08/015},
	Eprint = {1907.01487},
	Journal = {JCAP},
	Pages = {015},
	Primaryclass = {astro-ph.CO},
	Slaccitation = {%%CITATION = ARXIV:1907.01487;%%},
	Title = {{Cosmology and dark energy from joint gravitational wave-GRB observations}},
	Volume = {2019},
	Year = {2020},
	Bdsk-Url-1 = {https://doi.org/10.1088/1475-7516/2019/08/015}}

@article{Zhao:2017cbb,
	Archiveprefix = {arXiv},
	Author = {Zhao, Wen and Wen, Linqing},
	Doi = {10.1103/PhysRevD.97.064031},
	Eprint = {1710.05325},
	Journal = {Phys. Rev.},
	Pages = {064031},
	Primaryclass = {astro-ph.CO},
	Slaccitation = {%%CITATION = ARXIV:1710.05325;%%},
	Title = {{Localization accuracy of compact binary coalescences detected by the third-generation gravitational-wave detectors and implication for cosmology}},
	Volume = {D97},
	Year = {2018},
	Bdsk-Url-1 = {https://doi.org/10.1103/PhysRevD.97.064031}}

@article{Hebeler:2010jx,
	Author = {Hebeler, K. and Lattimer, J. M. and Pethick, C. J. and Schwenk, A.},
	Doi = {10.1103/PhysRevLett.105.161102},
	Journal = {Phys. Rev. Lett.},
	Pages = {161102},
	Title = {{Constraints on neutron star radii based on chiral effective field theory interactions}},
	Volume = {105},
	Year = {2010},
	Bdsk-Url-1 = {https://doi.org/10.1103/PhysRevLett.105.161102}}

@article{Gandolfi:2011xu,
	Author = {Gandolfi, S. and Carlson, J. and Reddy, Sanjay},
	Doi = {10.1103/PhysRevC.85.032801},
	Journal = {Phys. Rev.},
	Pages = {032801},
	Title = {{The maximum mass and radius of neutron stars and the nuclear symmetry energy}},
	Volume = {C85},
	Year = {2012},
	Bdsk-Url-1 = {https://doi.org/10.1103/PhysRevC.85.032801}}

@article{Tews:2018kmu,
	Author = {Tews, Ingo and Carlson, Joseph and Gandolfi, Stefano\ and Reddy, Sanjay},
	Doi = {10.3847/1538-4357/aac267},
	Journal = {Astrophys. J.},
	Number = {2},
	Pages = {149},
	Title = {{Constraining the speed of sound inside neutron stars with chiral effective field theory interactions and observations}},
	Volume = {860},
	Year = {2018},
	Bdsk-Url-1 = {https://doi.org/10.3847/1538-4357/aac267}}

@article{Abbott:2018exr,
	Archiveprefix = {arXiv},
	Author = {Abbott, B. P. and others},
	Doi = {10.1103/PhysRevLett.121.161101},
	Eprint = {1805.11581},
	Journal = {Phys. Rev. Lett.},
	Number = {16},
	Pages = {161101},
	Primaryclass = {gr-qc},
	Reportnumber = {LIGO-P1800115},
	Slaccitation = {%%CITATION = ARXIV:1805.11581;%%},
	Title = {{GW170817: Measurements of neutron star radii and equation of state}},
	Volume = {121},
	Year = {2018},
	Bdsk-Url-1 = {https://doi.org/10.1103/PhysRevLett.121.161101}}

@article{TheLIGOScientific:2017qsa,
	Archiveprefix = {arXiv},
	Author = {Abbott, B. P. and others},
	Doi = {10.1103/PhysRevLett.119.161101},
	Eprint = {1710.05832},
	Journal = {Phys. Rev. Lett.},
	Number = {16},
	Pages = {161101},
	Primaryclass = {gr-qc},
	Reportnumber = {LIGO-P170817},
	Slaccitation = {%%CITATION = ARXIV:1710.05832;%%},
	Title = {{GW170817: Observation of Gravitational Waves from a Binary Neutron Star Inspiral}},
	Volume = {119},
	Year = {2017},
	Bdsk-Url-1 = {https://doi.org/10.1103/PhysRevLett.119.161101}}
	
@article{Goldstein:2017mmi,
      author         = "Goldstein, A. and others",
      title          = "{An Ordinary Short Gamma-Ray Burst with Extraordinary
                        Implications: Fermi-GBM Detection of GRB 170817A}",
      journal        = "Astrophys. J.",
      volume         = "848",
      year           = "2017",
      pages          = "L14",
      doi            = "10.3847/2041-8213/aa8f41",
      eprint         = "1710.05446",
      archivePrefix  = "arXiv",
      primaryClass   = "astro-ph.HE",
      SLACcitation   = "%%CITATION = ARXIV:1710.05446;%%"
}

@article{Savchenko:2017ffs,
      author         = "Savchenko, V. and others",
      title          = "{INTEGRAL Detection of the First Prompt Gamma-Ray Signal
                        Coincident with the Gravitational-wave Event GW170817}",
      journal        = "Astrophys. J.",
      volume         = "848",
      year           = "2017",
      pages          = "L15",
      doi            = "10.3847/2041-8213/aa8f94",
      eprint         = "1710.05449",
      archivePrefix  = "arXiv",
      primaryClass   = "astro-ph.HE",
      SLACcitation   = "%%CITATION = ARXIV:1710.05449;%%"
}
@article{GBM:2017lvd,
      author         = "Abbott, B. P. and others",
      title          = "{Multi-messenger Observations of a Binary Neutron Star
                        Merger}",
      journal        = "Astrophys. J.",
      volume         = "848",
      year           = "2017",
      number         = "2",
      pages          = "L12",
      doi            = "10.3847/2041-8213/aa91c9",
      eprint         = "1710.05833",
      archivePrefix  = "arXiv",
      primaryClass   = "astro-ph.HE",
      reportNumber   = "LIGO-P1700294, VIR-0802A-17, FERMILAB-PUB-17-478-A-AE-CD",
      SLACcitation   = "%%CITATION = ARXIV:1710.05833;%%"
}
@article{Monitor:2017mdv,
      author         = "Abbott, B. P. and others",
      title          = "{Gravitational Waves and Gamma-rays from a Binary Neutron
                        Star Merger: GW170817 and GRB 170817A}",
      journal        = "Astrophys. J.",
      volume         = "848",
      year           = "2017",
      pages          = "L13",
      doi            = "10.3847/2041-8213/aa920c",
      eprint         = "1710.05834",
      archivePrefix  = "arXiv",
      primaryClass   = "astro-ph.HE",
      reportNumber   = "LIGO-P1700308",
      SLACcitation   = "%%CITATION = ARXIV:1710.05834;%%"
}
@article{LIGOScientific:2018mvr,
      author         = "Abbott, B. P. and others",
      title          = "{GWTC-1: A Gravitational-Wave Transient Catalog of
                        Compact Binary Mergers Observed by LIGO and Virgo during
                        the First and Second Observing Runs}",
      year           = "2018",
      eprint         = "1811.12907",
      archivePrefix  = "arXiv",
      primaryClass   = "astro-ph.HE",
      reportNumber   = "LIGO-P1800307",
      SLACcitation   = "%%CITATION = ARXIV:1811.12907;%%"
}


@article{Abbott:2018lct,
      author         = "Abbott, B. P. and others",
      title          = "{Tests of General Relativity with GW170817}",
      journal        = "Phys. Rev. Lett.",
      volume         = "123",
      year           = "2019",
      number         = "1",
      pages          = "011102",
      doi            = "10.1103/PhysRevLett.123.011102",
      eprint         = "1811.00364",
      archivePrefix  = "arXiv",
      primaryClass   = "gr-qc",
      reportNumber   = "LIGO-P1800059",
      SLACcitation   = "%%CITATION = ARXIV:1811.00364;%%"
}
@article{TheLIGOScientific:2016src,
      author         = "Abbott, B. P. and others",
      title          = "{Tests of general relativity with GW150914}",
      journal        = "Phys. Rev. Lett.",
      volume         = "116",
      year           = "2016",
      number         = "22",
      pages          = "221101",
      doi            = "10.1103/PhysRevLett.116.221101,
                        10.1103/PhysRevLett.121.129902",
      note           = "[Erratum: Phys. Rev. Lett.121,no.12,129902(2018)]",
      eprint         = "1602.03841",
      archivePrefix  = "arXiv",
      primaryClass   = "gr-qc",
      reportNumber   = "LIGO-P1500213",
      SLACcitation   = "%%CITATION = ARXIV:1602.03841;%%"
}

@article{LIGOScientific:2019fpa,
      author         = "Abbott, B. P. and others",
      title          = "{Tests of General Relativity with the Binary Black Hole
                        Signals from the LIGO-Virgo Catalog GWTC-1}",
      year           = "2019",
      eprint         = "1903.04467",
      archivePrefix  = "arXiv",
      primaryClass   = "gr-qc",
      reportNumber   = "LIGO-P1800316",
      SLACcitation   = "%%CITATION = ARXIV:1903.04467;%%"
}

@article{Andersson:2017kru,
	Archiveprefix = {arXiv},
	Author = {Andersson, Nils},
	Doi = {10.1007/s12036-017-9463-8},
	Eprint = {1709.07215},
	Journal = {J. Astrophys. Astron.},
	Pages = {58},
	Primaryclass = {astro-ph.HE},
	Slaccitation = {%%CITATION = ARXIV:1709.07215;%%},
	Title = {{Whispers from the edge of physics}},
	Volume = {38},
	Year = {2017},
	Bdsk-Url-1 = {https://doi.org/10.1007/s12036-017-9463-8}}

@article{Read:2013zra,
	Archiveprefix = {arXiv},
	Author = {Read, Jocelyn S. and Baiotti, Luca and Creighton, Jolien D. E. and Friedman, John L. and Giacomazzo, Bruno and Kyutoku, Koutarou and Markakis, Charalampos and Rezzolla, Luciano and Shibata, Masaru and Taniguchi, Keisuke},
	Doi = {10.1103/PhysRevD.88.044042},
	Eprint = {1306.4065},
	Journal = {Phys. Rev.},
	Pages = {044042},
	Primaryclass = {gr-qc},
	Slaccitation = {%%CITATION = ARXIV:1306.4065;%%},
	Title = {{Matter effects on binary neutron star waveforms}},
	Volume = {D88},
	Year = {2013},
	Bdsk-Url-1 = {https://doi.org/10.1103/PhysRevD.88.044042}}

@article{Lasky:2015uia,
      Author         = {Lasky, Paul D.},
      Doi            = {10.1017/pasa.2015.35},
     Eprint         = {1508.06643},
      Journal        = {Publ. Astron. Soc. Austral.},
      Pages          = {e034},
      ArchivePrefix = {arXiv},
      Primaryclass   = {astro-ph.HE},
     Title          = {{Gravitational Waves from Neutron Stars: A Review}},
     Volume         = {32},
     Year           = {2015},
     Bdsk-Url-1 = {https://doi.org/10.1017/pasa.2015.35}}
      

@article{Authors:2019ztc,
      Author         = {Abbott, B. P. and others},
      Title          = {{Searches for Gravitational Waves from Known Pulsars at
                        Two Harmonics in 2015-2017 LIGO Data}},
      Journal        = {Astrophys. J.},
      Volume         = {879},
      Year           = {2019},
      Number         = {1},
      Pages          = {10},
      Doi            = {10.3847/1538-4357/ab20cb},
      Eprint         = {1902.08507},
      ArchivePrefix  = {arXiv},
      PrimaryClass   = {astro-ph.HE},
      Bdsk-Url-1 = {https://doi.org/10.3847/1538-4357/ab20cb}}
      
@article{Abbott:2019bed,
      Author         = {Abbott, B. P. and others},
      Title          = {{Narrow-band search for gravitational waves from known
                        pulsars using the second LIGO observing run}},
      Journal        = {Phys. Rev.},
      Volume         = {D99},
      Year           = {2019},
      Number         = {12},
      Pages          = {122002},
      Doi            = {10.1103/PhysRevD.99.122002},
      Eprint         = {1902.08442},
      ArchivePrefix  = {arXiv},
      PrimaryClass   = {gr-qc},
      Bdsk-Url-1 = {https://doi.org/10.1103/PhysRevD.99.122002}}
      
@article{Pisarski:2019vxw,
      Author         = "Abbott, B. P. and others",
      Title          = {{All-sky search for continuous gravitational waves from
                        isolated neutron stars using Advanced LIGO O2 data}},
      Journal        = {Phys. Rev.},
      Volume         = {D100},
      Year           = {2019},
      Number         = {2},
      Pages          = {024004},
      Doi            = {10.1103/PhysRevD.100.024004},
      Eprint         = {1903.01901},
      ArchivePrefix  = {arXiv},
      PrimaryClass   = {astro-ph.HE},
      Bdsk-Url-1 = {https://doi.org/10.1103/PhysRevD.100.024004}}
      
@article{Abbott:2018qee,
      Author         = {Abbott, B. P. and others},
      Title          = {{Searches for Continuous Gravitational Waves from 15
                        Supernova Remnants and Fomalhaut b with Advanced LIGO}},
      Journal        = {Astrophys. J.},
      Volume         = {875},
      Year           = {2019},
      Number         = {2},
      Pages          = {122},
      Doi            = {10.3847/1538-4357/ab113b},
      Eprint         = {1812.11656},
      ArchivePrefix  = {arXiv},
      PrimaryClass   = {astro-ph.HE},
      Bdsk-Url-1 = {https://doi.org/10.3847/1538-4357/ab113b}}
      

@ARTICLE{2019arXiv191005097P,
       Author = {Piccinni, Ornella J. and Astone P. and D'Antonio, S. and
       Frasca, S. and Intini, G. and La Rosa, I. and Leaci, P. and
       Mastrogiovanni, S. and Miller, A. and Palomba, C.},
       Title = {{A directed search for continuous gravitational-wave signals from the Galactic Center in Advanced LIGO second observing run}},
        Journal = {arXiv e-prints},
        Year = {2019},
        ArchivePrefix = {arXiv},
       Eprint = {1910.05097},
       PrimaryClass = {gr-qc}}
    
@article{Abbott:2019uwg,
      ArchivePrefix  = {arXiv}, 
      Author         = {Abbott, B. P. and others},
      Doi            = {10.1103/PhysRevD.100.122002},
      Eprint         = {1906.12040},
      Journal        = {Phys. Rev.},
      Number         = {12},
      Pages          = {122002},
      PrimaryClass   = {gr-qc}, 
      Title          = {{Search for gravitational waves from Scorpius X-1 in the
                        second Advanced LIGO observing run with an improved hidden
                        Markov model}},      
      Volume         = {D100},
      Year           = {2019},
      Bdsk-Url-1 = {https://doi.org/10.1103/PhysRevD.100.122002}}

@article{Horowitz:2009ya,
      Author         = {Horowitz, C. J. and Kadau, K.},
      Title          = {{The Breaking Strain of Neutron Star Crust and Gravitational Waves}},
      Journal        = {Phys. Rev. Lett.},
      Volume         = {102},
      Year           = {2009},
      Pages          = {191102},
      Doi            = {10.1103/PhysRevLett.102.191102},
      Eprint         = {0904.1986},
      ArchivePrefix  = {arXiv},
      Bdsk-Url-1 = {https://doi.org/10.1103/PhysRevLett.102.191102}}      
      
@article{JohnsonMcDaniel:2012wg,
      Author         = {Johnson-McDaniel, Nathan K. and Owen, Benjamin J.},
      Title          = {{Maximum elastic deformations of relativistic stars}},
      Journal        = {Phys. Rev.},
      Volume         = {D88},
      Year           = {2013},
      Pages          = {044004},
      Doi            = {10.1103/PhysRevD.88.044004},
      Eprint         = {1208.5227},
      ArchivePrefix  = {arXiv},
      Bdsk-Url-1 = {https://doi.org/10.1103/PhysRevD.88.044004}}      
      
@article{Woan:2018xxx,
	Archiveprefix = {arXiv},
	Author = {Woan, G. and Pitkin, M.~D. and Haskell, B. and Jones, D.~I. and Lasky, P.~D.},
	Doi = {10.3847/2041-8213/aad86a},
	Eprint = {1806.02822},
	Journal = {Astrophys J.},
	Pages = {Ls40},
	Primaryclass = {astro-ph.HE},
	Title = {{Evidence for a Minimum Ellipticity in Millisecond Pulsars}},
	Volume = {863},
	Year = {2018},
	Bdsk-Url-1 = {https://doi.org/10.3847/2041-8213/aad86a}}
	
@misc{Abernathy:2011,
	Author = {Abernathy, M and others},
	Title = {{Einstein gravitational wave Telescope:  Conceptual Design Study}},
	Year = {2011}},
	howpublished = {\url{https://tds.virgo-gw.eu/?call_file=ET-0106C-10.pdf}}}	
	
@article{Abadie:2011md,
      Author         = {Abadie, J. and others},
      Title          = {{Beating the spin-down limit on gravitational wave
                        emission from the Vela pulsar}},
      Journal        = {Astrophys. J.},
      Volume         = {737},
      Year           = {2011},
      Pages          = {93},
      Doi            = {10.1088/0004-637X/737/2/93},
      Eprint         = {1104.2712},
      ArchivePrefix  = {arXiv},
      PrimaryClass   = {astro-ph.HE},	
      Bdsk-Url-1 = {https://doi.org/10.1088/0004-637X/737/2/93}}
      
@article{DallOsso:2018dos,
      Author         = {Dall'Osso, S. and Stella, L. and Palomba,
                        C.},
      Title          = {{Neutron star bulk viscosity, spin-flip and GW
                        emission of newly born magnetars}},
      Journal        = {Mon. Not. Roy. Astron. Soc.},
      Volume         = {480},
      Year           = {2018},
      Number         = {1},
      Pages          = {1353-1362},
      Doi            = {10.1093/mnras/sty1706},
      Eprint         = {1806.11164},
      ArchivePrefix  = {arXiv},
      PrimaryClass   = {astro-ph.HE},
      Bdsk-Url-1 = {https://doi.org/10.1093/mnras/sty170}}      
      
@article{Miller:2018rbg,
      Author         = {Miller, A. and others},
      Title          = {{Method to search for long duration gravitational wave
                        transients from isolated neutron stars using the
                        generalized frequency-Hough transform}},
      Journal        = {Phys. Rev.},
      Volume         = {D98},
      Year           = {2018},
      Number         = {10},
      Pages          = {102004},
      Doi            = {10.1103/PhysRevD.98.102004},
      Eprint         = {1810.09784},
      ArchivePrefix  = {arXiv},
      PrimaryClass   = {astro-ph.IM},
      Bdsk-Url-1 = {https://doi.org/10.1103/PhysRevD.98.102004}}      
      
@article{Baym:2017whm,
	Archiveprefix = {arXiv},
	Author = {Baym, Gordon and Hatsuda, Tetsuo and Kojo, Toru and Powell, Philip D. and Song, Yifan and Takatsuka, Tatsuyuki},
	Doi = {10.1088/1361-6633/aaae14},
	Eprint = {1707.04966},
	Journal = {Rept. Prog. Phys.},
	Number = {5},
	Pages = {056902},
	Primaryclass = {astro-ph.HE},
	Reportnumber = {RIKEN-ITHEMS-REPORT-17, RIKEN-QHP-316, RIKEN-iTHEMS-Report-17},
	Slaccitation = {%%CITATION = ARXIV:1707.04966;%%},
	Title = {{From hadrons to quarks in neutron stars: a review}},
	Volume = {81},
	Year = {2018},
	Bdsk-Url-1 = {https://doi.org/10.1088/1361-6633/aaae14}}

@article{LattimerPrakash2004,
	Author = {{Lattimer}, J.~M. and {Prakash}, M.},
	Doi = {10.1126/science.1090720},
	Journal = {Science},
	Month = apr,
	Pages = {536-542},
	Title = {{The Physics of Neutron Stars}},
	Volume = {304},
	Year = {2004},
	Bdsk-Url-1 = {https://doi.org/10.1126/science.1090720}}

@article{Banados:2016mwo,
	Archiveprefix = {arXiv},
	Author = {Ba\~{n}ados, E. and others},
	Doi = {10.3847/0067-0049/227/1/11},
	Eprint = {1608.03279},
	Journal = {Astrophys. J. Suppl.},
	Pages = {11},
	Primaryclass = {astro-ph.GA},
	Slaccitation = {%%CITATION = ARXIV:1608.03279;%%},
	Title = {{The Pan-STARRS1 distant $z>5.6$ quasar survey: more than 100 quasars within the first Gyr of the universe}},
	Volume = {227},
	Year = {2016},
	Bdsk-Url-1 = {https://doi.org/10.3847/0067-0049/227/1/11}}

@article{Belgacem:2018lbp,
	Archiveprefix = {arXiv},
	Author = {Belgacem, E. and Dirian, Y. and Foffa, S. and Maggiore, M.},
	Doi = {10.1103/PhysRevD.98.023510},
	Eprint = {1805.08731},
	Journal = {Phys. Rev.},
	Pages = {023510},
	Primaryclass = {gr-qc},
	Slaccitation = {%%CITATION = ARXIV:1805.08731;%%},
	Title = {{Modified gravitational-wave propagation and standard sirens}},
	Volume = {D98},
	Year = {2018},
	Bdsk-Url-1 = {https://doi.org/10.1103/PhysRevD.98.023510}}

@article{Belgacem:2017ihm,
	Archiveprefix = {arXiv},
	Author = {Belgacem, E. and Dirian, Y. and Foffa, S. and Maggiore, M.},
	Doi = {10.1103/PhysRevD.97.104066},
	Eprint = {1712.08108},
	Journal = {Phys. Rev.},
	Pages = {104066},
	Primaryclass = {astro-ph.CO},
	Slaccitation = {%%CITATION = ARXIV:1712.08108;%%},
	Title = {{Gravitational-wave luminosity distance in modified gravity theories}},
	Volume = {D97},
	Year = {2018},
	Bdsk-Url-1 = {https://doi.org/10.1103/PhysRevD.97.104066}}

@article{Caprini:2018mtu,
	Archiveprefix = {arXiv},
	Author = {Caprini, Chiara and Figueroa, Daniel G.},
	Doi = {10.1088/1361-6382/aac608},
	Eprint = {1801.04268},
	Journal = {Class. Quant. Grav.},
	Number = {16},
	Pages = {163001},
	Primaryclass = {astro-ph.CO},
	Slaccitation = {%%CITATION = ARXIV:1801.04268;%%},
	Title = {{Cosmological Backgrounds of Gravitational Waves}},
	Volume = {35},
	Year = {2018},
	Bdsk-Url-1 = {https://doi.org/10.1088/1361-6382/aac608}}

@book{Maggiore:2018zz,
	Author = {Maggiore, M.},
	Publisher = {Oxford University Press, 848 p},
	Title = {{Gravitational Waves. Vol. 2. Astrophysics and Cosmology}},
	Year = {2018}}

@book{Maggiore:1900zz,
	Author = {Maggiore, M.},
	Publisher = {Oxford University Press, 574 p},
	Title = {{Gravitational Waves. Vol. 1. Theory and Experiments}},
	Year = {2007}}

@article{Abbott:2017xzu,
	Archiveprefix = {arXiv},
	Author = {Abbott, B. P. and others},
	Doi = {10.1038/nature24471},
	Eprint = {1710.05835},
	Journal = {Nature},
	Number = {7678},
	Pages = {85-88},
	Primaryclass = {astro-ph.CO},
	Reportnumber = {LIGO-P1700296, FERMILAB-PUB-17-472-A-AE},
	Slaccitation = {%%CITATION = ARXIV:1710.05835;%%},
	Title = {{A gravitational-wave standard siren measurement of the Hubble constant}},
	Volume = {551},
	Year = {2017},
	Bdsk-Url-1 = {https://doi.org/10.1038/nature24471}}

@article{Riess:2016jrr,
	Archiveprefix = {arXiv},
	Author = {Riess, A. G. and others},
	Doi = {10.3847/0004-637X/826/1/56},
	Eprint = {1604.01424},
	Journal = {Astrophys. J.},
	Pages = {56},
	Primaryclass = {astro-ph.CO},
	Slaccitation = {%%CITATION = ARXIV:1604.01424;%%},
	Title = {{A 2.4\% Determination of the Local Value of the Hubble Constant}},
	Volume = {826},
	Year = {2016},
	Bdsk-Url-1 = {https://doi.org/10.3847/0004-637X/826/1/56}}

@article{Riess:2018uxu,
	Archiveprefix = {arXiv},
	Author = {Riess, Adam G. and others},
	Doi = {10.3847/1538-4357/aaadb7},
	Eprint = {1801.01120},
	Journal = {Astrophys. J.},
	Number = {2},
	Pages = {136},
	Primaryclass = {astro-ph.SR},
	Slaccitation = {%%CITATION = ARXIV:1801.01120;%%},
	Title = {{New Parallaxes of Galactic Cepheids from Spatially Scanning the Hubble Space Telescope: Implications for the Hubble Constant}},
	Volume = {855},
	Year = {2018},
	Bdsk-Url-1 = {https://doi.org/10.3847/1538-4357/aaadb7}}

@article{Ade:2015xua,
	Archiveprefix = {arXiv},
	Author = {Ade, P. A. R. and others},
	Collaboration = {Planck},
	Doi = {10.1051/0004-6361/201525830},
	Eprint = {1502.01589},
	Journal = {Astron. Astrophys.},
	Pages = {A13},
	Primaryclass = {astro-ph.CO},
	Slaccitation = {%%CITATION = ARXIV:1502.01589;%%},
	Title = {{Planck 2015 results. XIII. Cosmological parameters}},
	Volume = {594},
	Year = {2016},
	Bdsk-Url-1 = {https://doi.org/10.1051/0004-6361/201525830}}

@article{Sathyaprakash:2009xt,
	Archiveprefix = {arXiv},
	Author = {Sathyaprakash, B. S. and Schutz, B. F. and Van Den Broeck, C.},
	Doi = {10.1088/0264-9381/27/21/215006},
	Eprint = {0906.4151},
	Journal = {Class. Quant. Grav.},
	Pages = {215006},
	Primaryclass = {astro-ph.CO},
	Slaccitation = {%%CITATION = ARXIV:0906.4151;%%},
	Title = {{Cosmography with the Einstein Telescope}},
	Volume = {27},
	Year = {2010},
	Bdsk-Url-1 = {https://doi.org/10.1088/0264-9381/27/21/215006}}

@article{Amati:2017npy,
	Archiveprefix = {arXiv},
	Author = {Amati, L. and others},
	Collaboration = {THESEUS},
	Doi = {10.1016/j.asr.2018.03.010},
	Eprint = {1710.04638},
	Journal = {Adv. Space Res.},
	Pages = {191-244},
	Primaryclass = {astro-ph.IM},
	Slaccitation = {%%CITATION = ARXIV:1710.04638;%%},
	Title = {{The THESEUS space mission concept: science case, design and expected performances}},
	Volume = {62},
	Year = {2018},
	Bdsk-Url-1 = {https://doi.org/10.1016/j.asr.2018.03.010}}

@article{Stratta:2017bwq,
	Archiveprefix = {arXiv},
	Author = {Stratta, G. and others},
	Booktitle = {{THESEUS Workshop 2017 Naples, Italy, October 5-6, 2017}},
	Collaboration = {THESEUS},
	Doi = {10.1016/j.asr.2018.04.013},
	Eprint = {1712.08153},
	Journal = {Adv. Space Res.},
	Pages = {662-682},
	Primaryclass = {astro-ph.HE},
	Slaccitation = {%%CITATION = ARXIV:1712.08153;%%},
	Title = {{THESEUS: a key space mission concept for Multi-Messenger Astrophysics}},
	Volume = {62},
	Year = {2018},
	Bdsk-Url-1 = {https://doi.org/10.1016/j.asr.2018.04.013}}

@article{Deffayet:2007kf,
	Archiveprefix = {arXiv},
	Author = {Deffayet, C. and Menou, K.},
	Doi = {10.1086/522931},
	Eprint = {0709.0003},
	Journal = {Astrophys. J.},
	Pages = {L143-L146},
	Primaryclass = {astro-ph},
	Slaccitation = {%%CITATION = ARXIV:0709.0003;%%},
	Title = {{Probing Gravity with Spacetime Sirens}},
	Volume = {668},
	Year = {2007},
	Bdsk-Url-1 = {https://doi.org/10.1086/522931}}

@article{Saltas:2014dha,
	Archiveprefix = {arXiv},
	Author = {Saltas, I. D. and Sawicki, I. and Amendola, L. and Kunz, M.},
	Doi = {10.1103/PhysRevLett.113.191101},
	Eprint = {1406.7139},
	Journal = {Phys. Rev. Lett.},
	Pages = {191101},
	Primaryclass = {astro-ph.CO},
	Slaccitation = {%%CITATION = ARXIV:1406.7139;%%},
	Title = {{Anisotropic Stress as a Signature of Nonstandard Propagation of Gravitational Waves}},
	Volume = {113},
	Year = {2014},
	Bdsk-Url-1 = {https://doi.org/10.1103/PhysRevLett.113.191101}}

@article{Lombriser:2015sxa,
	Archiveprefix = {arXiv},
	Author = {Lombriser, L. and Taylor, A.},
	Doi = {10.1088/1475-7516/2016/03/031},
	Eprint = {1509.08458},
	Journal = {JCAP},
	Pages = {031},
	Primaryclass = {astro-ph.CO},
	Slaccitation = {%%CITATION = ARXIV:1509.08458;%%},
	Title = {{Breaking a Dark Degeneracy with Gravitational Waves}},
	Volume = {1603},
	Year = {2016},
	Bdsk-Url-1 = {https://doi.org/10.1088/1475-7516/2016/03/031}}

@article{Nishizawa:2017nef,
	Archiveprefix = {arXiv},
	Author = {Nishizawa, A.},
	Doi = {10.1103/PhysRevD.97.104037},
	Eprint = {1710.04825},
	Journal = {Phys. Rev.},
	Pages = {104037},
	Primaryclass = {gr-qc},
	Slaccitation = {%%CITATION = ARXIV:1710.04825;%%},
	Title = {{Generalized framework for testing gravity with gravitational-wave propagation. I. Formulation}},
	Volume = {D97},
	Year = {2018},
	Bdsk-Url-1 = {https://doi.org/10.1103/PhysRevD.97.104037}}

@article{Astone:2014esa,
      author         = "Astone, Pia and Colla, Alberto and D'Antonio, Sabrina and
                        Frasca, Sergio and Palomba, Cristiano",
      title          = "{Method for all-sky searches of continuous gravitational
                        wave signals using the frequency-Hough transform}",
      journal        = "Phys. Rev.",
      volume         = "D90",
      year           = "2014",
      pages          = "042002",
      doi            = "10.1103/PhysRevD.90.042002",
      eprint         = "1407.8333",
      archivePrefix  = "arXiv",
      primaryClass   = "astro-ph.IM",
      SLACcitation   = "%%CITATION = ARXIV:1407.8333;%%"
}

@article{Zhao:2010sz,
	Archiveprefix = {arXiv},
	Author = {Zhao, W. and Van Den Broeck, C. and Baskaran, D. and Li, T. G. F.},
	Doi = {10.1103/PhysRevD.83.023005},
	Eprint = {1009.0206},
	Journal = {Phys. Rev.},
	Pages = {023005},
	Primaryclass = {astro-ph.CO},
	Slaccitation = {%%CITATION = ARXIV:1009.0206;%%},
	Title = {{Determination of Dark Energy by the Einstein Telescope: Comparing with CMB, BAO and SNIa Observations}},
	Volume = {D83},
	Year = {2011},
	Bdsk-Url-1 = {https://doi.org/10.1103/PhysRevD.83.023005}}

@article{Riess:2019cxk,
	Archiveprefix = {arXiv},
	Author = {Riess, Adam G. and Casertano, Stefano and Yuan, Wenlong and Macri, Lucas M. and Scolnic, Dan},
	Doi = {10.3847/1538-4357/ab1422},
	Eprint = {1903.07603},
	Journal = {Astrophys. J.},
	Number = {1},
	Pages = {85},
	Primaryclass = {astro-ph.CO},
	Slaccitation = {%%CITATION = ARXIV:1903.07603;%%},
	Title = {{Large Magellanic Cloud Cepheid Standards Provide a 1\% Foundation for the Determination of the Hubble Constant and Stronger Evidence for Physics Beyond LambdaCDM}},
	Volume = {876},
	Year = {2019},
	Bdsk-Url-1 = {https://doi.org/10.3847/1538-4357/ab1422}}

@article{Chan2018,
	Adsnote = {Provided by the SAO/NASA Astrophysics Data System},
	Adsurl = {https://ui.adsabs.harvard.edu/abs/2018PhRvD..97l3014C},
	Archiveprefix = {arXiv},
	Author = {{Chan}, Man Leong and {Messenger}, Chris and {Heng}, Ik Siong and {Hendry}, Martin},
	Doi = {10.1103/PhysRevD.97.123014},
	Eid = {123014},
	Eprint = {1803.09680},
	Journal = {\prd},
	Keywords = {Astrophysics - High Energy Astrophysical Phenomena},
	Month = {Jun},
	Number = {12},
	Pages = {123014},
	Primaryclass = {astro-ph.HE},
	Title = {{Binary neutron star mergers and third generation detectors: Localization and early warning}},
	Volume = {97},
	Year = {2018},
	Bdsk-Url-1 = {https://doi.org/10.1103/PhysRevD.97.123014}}

@article{Siegel2019,
	Adsnote = {Provided by the SAO/NASA Astrophysics Data System},
	Adsurl = {https://ui.adsabs.harvard.edu/abs/2019Natur.569..241S},
	Archiveprefix = {arXiv},
	Author = {{Siegel}, Daniel M. and {Barnes}, Jennifer and {Metzger}, Brian D.},
	Doi = {10.1038/s41586-019-1136-0},
	Eprint = {1810.00098},
	Journal = {\nat},
	Keywords = {Astrophysics - High Energy Astrophysical Phenomena, Astrophysics - Astrophysics of Galaxies, General Relativity and Quantum Cosmology},
	Month = {May},
	Number = {7755},
	Pages = {241-244},
	Primaryclass = {astro-ph.HE},
	Title = {{Collapsars as a major source of r-process elements}},
	Volume = {569},
	Year = {2019},
	Bdsk-Url-1 = {https://doi.org/10.1038/s41586-019-1136-0}}

@article{Siegel2016,
	Adsnote = {Provided by the SAO/NASA Astrophysics Data System},
	Adsurl = {https://ui.adsabs.harvard.edu/abs/2016ApJ...819...15S},
	Archiveprefix = {arXiv},
	Author = {{Siegel}, Daniel M. and {Ciolfi}, Riccardo},
	Doi = {10.3847/0004-637X/819/1/15},
	Eid = {15},
	Eprint = {1508.07939},
	Journal = {\apj},
	Keywords = {gamma-ray burst: general, gravitational waves, pulsars: general, stars: magnetars, stars: neutron, X-rays: general, Astrophysics - High Energy Astrophysical Phenomena, Astrophysics - Solar and Stellar Astrophysics, General Relativity and Quantum Cosmology},
	Month = {Mar},
	Number = {1},
	Pages = {15},
	Primaryclass = {astro-ph.HE},
	Title = {{Electromagnetic Emission from Long-lived Binary Neutron Star Merger Remnants. II. Lightcurves and Spectra}},
	Volume = {819},
	Year = {2016},
	Bdsk-Url-1 = {https://doi.org/10.3847/0004-637X/819/1/15}}

@article{Metzger2014,
	Adsnote = {Provided by the SAO/NASA Astrophysics Data System},
	Adsurl = {https://ui.adsabs.harvard.edu/abs/2014MNRAS.439.3916M},
	Archiveprefix = {arXiv},
	Author = {{Metzger}, Brian D. and {Piro}, Anthony L.},
	Doi = {10.1093/mnras/stu247},
	Eprint = {1311.1519},
	Journal = {\mnras},
	Keywords = {radiation mechanisms: non-thermal, gamma-ray burst: general, stars: magnetars, stars: magnetic field, stars: neutron, Astrophysics - High Energy Astrophysical Phenomena},
	Month = {Apr},
	Number = {4},
	Pages = {3916-3930},
	Primaryclass = {astro-ph.HE},
	Title = {{Optical and X-ray emission from stable millisecond magnetars formed from the merger of binary neutron stars}},
	Volume = {439},
	Year = {2014},
	Bdsk-Url-1 = {https://doi.org/10.1093/mnras/stu247}}

@article{Chornock:2019rrt,
	Archiveprefix = {arXiv},
	Author = {Chornock, Ryan and others},
	Eprint = {1903.04629},
	Primaryclass = {astro-ph.HE},
	Slaccitation = {%%CITATION = ARXIV:1903.04629;%%},
	Title = {{Multi-Messenger Astronomy with Extremely Large Telescopes}},
	Year = {2019}}

@ARTICLE{Coulter:2017,
       author = {{Coulter}, D.~A. and others},
        title = "{Swope Supernova Survey 2017a (SSS17a), the optical counterpart to a gravitational wave source}",
      journal = {Science},
     keywords = {ASTRONOMY, Astrophysics - High Energy Astrophysical Phenomena},
         year = "2017",
        month = "Dec",
       volume = {358},
       number = {6370},
        pages = {1556-1558},
          doi = {10.1126/science.aap9811},
archivePrefix = {arXiv},
       eprint = {1710.05452},
 primaryClass = {astro-ph.HE},
       adsurl = {https://ui.adsabs.harvard.edu/abs/2017Sci...358.1556C},
      adsnote = {Provided by the SAO/NASA Astrophysics Data System}
}

@ARTICLE{Troja:2017,
       author = {{Troja}, E. and others},
        title = "{The X-ray counterpart to the gravitational-wave event GW170817}",
      journal = {\nat},
     keywords = {Astrophysics - High Energy Astrophysical Phenomena},
         year = "2017",
        month = "Nov",
       volume = {551},
       number = {7678},
        pages = {71-74},
          doi = {10.1038/nature24290},
archivePrefix = {arXiv},
       eprint = {1710.05433},
 primaryClass = {astro-ph.HE},
       adsurl = {https://ui.adsabs.harvard.edu/abs/2017Natur.551...71T},
      adsnote = {Provided by the SAO/NASA Astrophysics Data System}
}

@ARTICLE{Hallinan:2017,
       author = {{Hallinan}, G. and others},
        title = "{A radio counterpart to a neutron star merger}",
      journal = {Science},
     keywords = {ASTRONOMY, Astrophysics - High Energy Astrophysical Phenomena, General Relativity and Quantum Cosmology},
         year = "2017",
        month = "Dec",
       volume = {358},
       number = {6370},
        pages = {1579-1583},
          doi = {10.1126/science.aap9855},
archivePrefix = {arXiv},
       eprint = {1710.05435},
 primaryClass = {astro-ph.HE},
       adsurl = {https://ui.adsabs.harvard.edu/abs/2017Sci...358.1579H},
      adsnote = {Provided by the SAO/NASA Astrophysics Data System}
}

@ARTICLE{Mooley:2018,
       author = {{Mooley}, K.~P. and others},
        title = "{Superluminal motion of a relativistic jet in the neutron-star merger GW170817}",
      journal = {\nat},
     keywords = {Astrophysics - High Energy Astrophysical Phenomena, Astrophysics - Cosmology and Nongalactic Astrophysics, General Relativity and Quantum Cosmology},
         year = "2018",
        month = "Sep",
       volume = {561},
       number = {7723},
        pages = {355-359},
          doi = {10.1038/s41586-018-0486-3},
archivePrefix = {arXiv},
       eprint = {1806.09693},
 primaryClass = {astro-ph.HE},
       adsurl = {https://ui.adsabs.harvard.edu/abs/2018Natur.561..355M},
      adsnote = {Provided by the SAO/NASA Astrophysics Data System}
}

@ARTICLE{Ghirlanda:2019,
       author = {{Ghirlanda}, G. and others},
        title = "{Compact radio emission indicates a structured jet was produced by a binary neutron star merger}",
      journal = {Science},
     keywords = {ASTRONOMY, Astrophysics - High Energy Astrophysical Phenomena},
         year = "2019",
        month = "Mar",
       volume = {363},
       number = {6430},
        pages = {968-971},
          doi = {10.1126/science.aau8815},
archivePrefix = {arXiv},
       eprint = {1808.00469},
 primaryClass = {astro-ph.HE},
       adsurl = {https://ui.adsabs.harvard.edu/abs/2019Sci...363..968G},
      adsnote = {Provided by the SAO/NASA Astrophysics Data System}
}

@ARTICLE{Pian:2017,
       author = {{Pian}, E. and {D'Avanzo}, P. and others},
        title = "{Spectroscopic identification of r-process nucleosynthesis in a double neutron-star merger}",
      journal = {Nature},
     keywords = {Astrophysics - High Energy Astrophysical Phenomena},
         year = "2017",
        month = "Nov",
       volume = {551},
       number = {7678},
        pages = {67-70},
          doi = {10.1038/nature24298},
archivePrefix = {arXiv},
       eprint = {1710.05858},
 primaryClass = {astro-ph.HE},
       adsurl = {https://ui.adsabs.harvard.edu/abs/2017Natur.551...67P},
      adsnote = {Provided by the SAO/NASA Astrophysics Data System}
}


@ARTICLE{Smartt:2017,
       author = {{Smartt}, S.~J. and others},
        title = "{A kilonova as the electromagnetic counterpart to a gravitational-wave source}",
      journal = {Nature},
     keywords = {Astrophysics - High Energy Astrophysical Phenomena},
         year = "2017",
        month = "Nov",
       volume = {551},
       number = {7678},
        pages = {75-79},
          doi = {10.1038/nature24303},
archivePrefix = {arXiv},
       eprint = {1710.05841},
 primaryClass = {astro-ph.HE},
       adsurl = {https://ui.adsabs.harvard.edu/abs/2017Natur.551...75S},
      adsnote = {Provided by the SAO/NASA Astrophysics Data System}
}

@ARTICLE{Kasen:2017,
       author = {{Kasen}, Daniel and {Metzger}, Brian and {Barnes}, Jennifer and
         {Quataert}, Eliot and {Ramirez-Ruiz}, Enrico},
        title = "{Origin of the heavy elements in binary neutron-star mergers from a gravitational-wave event}",
      journal = {Nature},
     keywords = {Astrophysics - High Energy Astrophysical Phenomena},
         year = "2017",
        month = "Nov",
       volume = {551},
       number = {7678},
        pages = {80-84},
          doi = {10.1038/nature24453},
archivePrefix = {arXiv},
       eprint = {1710.05463},
 primaryClass = {astro-ph.HE},
       adsurl = {https://ui.adsabs.harvard.edu/abs/2017Natur.551...80K},
      adsnote = {Provided by the SAO/NASA Astrophysics Data System}
}


@ARTICLE{Watson:2019,
       author = {{Watson}, Darach and others},
        title = "{Identification of strontium in the merger of two neutron stars}",
      journal = {Nature},
         year = "2019",
        month = "Oct",
       volume = {574},
       number = {7779},
        pages = {497-500},
          doi = {10.1038/s41586-019-1676-3},
       adsurl = {https://ui.adsabs.harvard.edu/abs/2019Natur.574..497W},
      adsnote = {Provided by the SAO/NASA Astrophysics Data System}
}



@ARTICLE{ELTinstruments,
       author = {{Spyromilio}, Jason and {Comer{\'o}n}, Fernando and {D'Odorico}, Sandro and
         {Kissler-Patig}, Markus and {Gilmozzi}, Roberto},
        title = "{Progress on the European Extremely Large Telescope}",
      journal = {The Messenger},
         year = "2008",
        month = "Sep",
       volume = {133},
        pages = {2-8},
       adsurl = {https://ui.adsabs.harvard.edu/abs/2008Msngr.133....2S},
      adsnote = {Provided by the SAO/NASA Astrophysics Data System}
}

@INPROCEEDINGS{Clenet2013,
       author = {{Cl{\'e}net}, Y.},
        title = "{ELT-CAM, the E-ELT first light imager}",
     keywords = {ELT, instrument, ELT-CAM, MICADO, MAORY, adaptive optics, SCAO, MCAO},
    booktitle = {SF2A-2013: Proceedings of the Annual meeting of the French Society of Astronomy and Astrophysics},
         year = "2013",
       editor = {{Cambresy}, L. and {Martins}, F. and {Nuss}, E. and {Palacios}, A.},
        month = "Nov",
        pages = {267-272},
       adsurl = {https://ui.adsabs.harvard.edu/abs/2013sf2a.conf..267C},
      adsnote = {Provided by the SAO/NASA Astrophysics Data System}
}

@ARTICLE{Cote:2018,
       author = {{C{\^o}t{\'e}}, Benoit and {Fryer}, Chris L. and
         {Belczynski}, Krzysztof and {Korobkin}, Oleg and
         {Chru{\'s}li{\'n}ska}, Martyna and {Vassh}, Nicole and
         {Mumpower}, Matthew R. and {Lippuner}, Jonas and {Sprouse}, Trevor M. and
         {Surman}, Rebecca and {Wollaeger}, Ryan},
        title = "{The Origin of r-process Elements in the Milky Way}",
      journal = {\apj},
     keywords = {binaries: close, gravitational waves, nuclear reactions, nucleosynthesis, abundances, stars: abundances, Astrophysics - Astrophysics of Galaxies, Astrophysics - High Energy Astrophysical Phenomena},
         year = "2018",
        month = "Mar",
       volume = {855},
       number = {2},
          eid = {99},
        pages = {99},
          doi = {10.3847/1538-4357/aaad67},
archivePrefix = {arXiv},
       eprint = {1710.05875},
 primaryClass = {astro-ph.GA},
       adsurl = {https://ui.adsabs.harvard.edu/abs/2018ApJ...855...99C},
      adsnote = {Provided by the SAO/NASA Astrophysics Data System}
}

@ARTICLE{Hotokezaka:2019,
       author = {{Hotokezaka}, K. and {Nakar}, E. and {Gottlieb}, O. and {Nissanke}, S. and
         {Masuda}, K. and {Hallinan}, G. and {Mooley}, K.~P. and {Deller}, A.~T.},
        title = "{A Hubble constant measurement from superluminal motion of the jet in GW170817}",
      journal = {Nature Astronomy},
         year = "2019",
        month = "Jul",
        pages = {385},
          doi = {10.1038/s41550-019-0820-1},
       adsurl = {https://ui.adsabs.harvard.edu/abs/2019NatAs.tmp..385H},
      adsnote = {Provided by the SAO/NASA Astrophysics Data System}
}

@ARTICLE{Abbott:2019,
       author = {{Abbott}, B.~P. and others},
        title = "{Properties of the Binary Neutron Star Merger GW170817}",
      journal = {Physical Review X},
     keywords = {General Relativity and Quantum Cosmology, Astrophysics - High Energy Astrophysical Phenomena},
         year = "2019",
        month = "Jan",
       volume = {9},
       number = {1},
          eid = {011001},
        pages = {011001},
          doi = {10.1103/PhysRevX.9.011001},
archivePrefix = {arXiv},
       eprint = {1805.11579},
 primaryClass = {gr-qc},
       adsurl = {https://ui.adsabs.harvard.edu/abs/2019PhRvX...9a1001A},
      adsnote = {Provided by the SAO/NASA Astrophysics Data System}
}

@ARTICLE{Radice:2019,
       author = {{Radice}, David and {Dai}, Liang},
        title = "{Multimessenger parameter estimation of GW170817}",
      journal = {European Physical Journal A},
     keywords = {Astrophysics - High Energy Astrophysical Phenomena, Nuclear Theory},
         year = "2019",
        month = "Apr",
       volume = {55},
       number = {4},
          eid = {50},
        pages = {50},
          doi = {10.1140/epja/i2019-12716-4},
archivePrefix = {arXiv},
       eprint = {1810.12917},
 primaryClass = {astro-ph.HE},
       adsurl = {https://ui.adsabs.harvard.edu/abs/2019EPJA...55...50R},
      adsnote = {Provided by the SAO/NASA Astrophysics Data System}
}


@ARTICLE{Acharya2013,
       author = {{Acharya}, B.~S. and others},
        title = "{Introducing the CTA concept}",
      journal = {Astroparticle Physics},
         year = "2013",
        month = "Mar",
       volume = {43},
        pages = {3-18},
          doi = {10.1016/j.astropartphys.2013.01.007},
       adsurl = {https://ui.adsabs.harvard.edu/abs/2013APh....43....3A},
      adsnote = {Provided by the SAO/NASA Astrophysics Data System}
}

@ARTICLE{Ivezic2008,
       author = {{Ivezic}, Z. and others},
        title = "{Large Synoptic Survey Telescope: From Science Drivers To Reference Design}",
      journal = {Serbian Astronomical Journal},
     keywords = {Astronomical data bases: miscellaneous, Atlases, Catalogs, Surveys, Solar system: general, Stars: general, Galaxy: general, Galaxies: general, Cosmology: miscellaneous},
         year = "2008",
        month = "Jun",
       volume = {176},
        pages = {1-13},
          doi = {10.2298/SAJ0876001I},
       adsurl = {https://ui.adsabs.harvard.edu/abs/2008SerAJ.176....1I},
      adsnote = {Provided by the SAO/NASA Astrophysics Data System}
}


@ARTICLE{Nandra2013,
       author = {{Nandra}, Kirpal and {Barret}, Didier and {Barcons}, Xavier and
         {Fabian}, Andy and {den Herder}, Jan-Willem and {Piro}, Luigi and others},
         title = "{The Hot and Energetic Universe: A White Paper presenting the science theme motivating the Athena+ mission}",
      journal = {arXiv e-prints},
     keywords = {Astrophysics - High Energy Astrophysical Phenomena, Astrophysics - Cosmology and Extragalactic Astrophysics, Astrophysics - Earth and Planetary Astrophysics, Astrophysics - Instrumentation and Methods for Astrophysics, Astrophysics - Solar and Stellar Astrophysics},
         year = "2013",
        month = "Jun",
          eid = {arXiv:1306.2307},
        pages = {arXiv:1306.2307},
archivePrefix = {arXiv},
       eprint = {1306.2307},
 primaryClass = {astro-ph.HE},
       adsurl = {https://ui.adsabs.harvard.edu/abs/2013arXiv1306.2307N},
      adsnote = {Provided by the SAO/NASA Astrophysics Data System}
}

@ARTICLE{Carilli2004,
       author = {{Carilli}, C.~L. and {Rawlings}, S.},
        title = "{Motivation, key science projects, standards and assumptions}",
      journal = {New Astron. Rev.},
     keywords = {Astrophysics},
         year = "2004",
        month = "Dec",
       volume = {48},
       number = {11-12},
        pages = {979-984},
          doi = {10.1016/j.newar.2004.09.001},
archivePrefix = {arXiv},
       eprint = {astro-ph/0409274},
 primaryClass = {astro-ph},
       adsurl = {https://ui.adsabs.harvard.edu/abs/2004NewAR..48..979C},
      adsnote = {Provided by the SAO/NASA Astrophysics Data System}
}

@ARTICLE{Gardner2006,
       author = {{Gardner}, Jonathan P. and others},
        title = "{The James Webb Space Telescope}",
      journal = {Space Science Reviews},
     keywords = {galaxies: formation, infrared: general, planetary systems, space vehicles: instruments, stars: formation, Astrophysics},
         year = "2006",
        month = "Apr",
       volume = {123},
       number = {4},
        pages = {485-606},
          doi = {10.1007/s11214-006-8315-7},
archivePrefix = {arXiv},
       eprint = {astro-ph/0606175},
 primaryClass = {astro-ph},
       adsurl = {https://ui.adsabs.harvard.edu/abs/2006SSRv..123..485G},
      adsnote = {Provided by the SAO/NASA Astrophysics Data System}
}


@ARTICLE{Skidmore2015,
       author = {{Skidmore}, Warren and {TMT International Science Development Teams} and
         {Science Advisory Committee}, TMT},
        title = "{Thirty Meter Telescope Detailed Science Case: 2015}",
      journal = {Research in Astronomy and Astrophysics},
     keywords = {Astrophysics - Instrumentation and Methods for Astrophysics, Astrophysics - Cosmology and Nongalactic Astrophysics, Astrophysics - Earth and Planetary Astrophysics, Astrophysics - Astrophysics of Galaxies, Astrophysics - High Energy Astrophysical Phenomena},
         year = "2015",
        month = "Dec",
       volume = {15},
       number = {12},
          eid = {1945},
        pages = {1945},
          doi = {10.1088/1674-4527/15/12/001},
archivePrefix = {arXiv},
       eprint = {1505.01195},
 primaryClass = {astro-ph.IM},
       adsurl = {https://ui.adsabs.harvard.edu/abs/2015RAA....15.1945S},
      adsnote = {Provided by the SAO/NASA Astrophysics Data System}
}

@ARTICLE{Metzger2017,
       author = {{Metzger}, Brian D.},
        title = "{Kilonovae}",
      journal = {Living Reviews in Relativity},
     keywords = {Gravitational waves, Neutron stars, Nucleosynthesis, Black holes, Radiative transfer, Astrophysics - High Energy Astrophysical Phenomena, General Relativity and Quantum Cosmology},
         year = "2017",
        month = "May",
       volume = {20},
       number = {1},
          eid = {3},
        pages = {3},
          doi = {10.1007/s41114-017-0006-z},
archivePrefix = {arXiv},
       eprint = {1610.09381},
 primaryClass = {astro-ph.HE},
       adsurl = {https://ui.adsabs.harvard.edu/abs/2017LRR....20....3M},
      adsnote = {Provided by the SAO/NASA Astrophysics Data System}
}

@ARTICLE{Tanaka2016,
       author = {{Tanaka}, Masaomi},
        title = "{Kilonova/Macronova Emission from Compact Binary Mergers}",
      journal = {Advances in Astronomy},
     keywords = {Astrophysics - High Energy Astrophysical Phenomena},
         year = "2016",
        month = "Jan",
       volume = {2016},
          eid = {634197},
        pages = {634197},
          doi = {10.1155/2016/6341974},
archivePrefix = {arXiv},
       eprint = {1605.07235},
 primaryClass = {astro-ph.HE},
       adsurl = {https://ui.adsabs.harvard.edu/abs/2016AdAst2016E...8T},
      adsnote = {Provided by the SAO/NASA Astrophysics Data System}
}

@ARTICLE{Evans:2017,
       author = {{Evans}, P.~A. and  others},
        title = "{Swift and NuSTAR observations of GW170817: Detection of a blue kilonova}",
      journal = {Science},
     keywords = {ASTRONOMY, Astrophysics - High Energy Astrophysical Phenomena},
         year = "2017",
        month = "Dec",
       volume = {358},
       number = {6370},
        pages = {1565-1570},
          doi = {10.1126/science.aap9580},
archivePrefix = {arXiv},
       eprint = {1710.05437},
 primaryClass = {astro-ph.HE},
       adsurl = {https://ui.adsabs.harvard.edu/abs/2017Sci...358.1565E},
      adsnote = {Provided by the SAO/NASA Astrophysics Data System}
}


@ARTICLE{Nakar2018,
       author = {{Nakar}, Ehud and {Gottlieb}, Ore and {Piran}, Tsvi and
         {Kasliwal}, Mansi. M. and {Hallinan}, Gregg},
        title = "{From {\ensuremath{\gamma}} to Radio: The Electromagnetic Counterpart of GW170817}",
      journal = {\apj},
     keywords = {gamma-ray burst: individual: GRB 170817A, gravitational waves, stars: neutron, Astrophysics - High Energy Astrophysical Phenomena, General Relativity and Quantum Cosmology},
         year = "2018",
        month = "Nov",
       volume = {867},
       number = {1},
          eid = {18},
        pages = {18},
          doi = {10.3847/1538-4357/aae205},
archivePrefix = {arXiv},
       eprint = {1803.07595},
 primaryClass = {astro-ph.HE},
       adsurl = {https://ui.adsabs.harvard.edu/abs/2018ApJ...867...18N},
      adsnote = {Provided by the SAO/NASA Astrophysics Data System}
}

@ARTICLE{Beniami2019,
       author = {{Beniamini}, Paz and {Petropoulou}, Maria and {Barniol Duran}, Rodolfo and
         {Giannios}, Dimitrios},
        title = "{A lesson from GW170817: most neutron star mergers result in tightly collimated successful GRB jets}",
      journal = {\mnras},
     keywords = {gravitational waves, gamma-ray burst: general, Astrophysics - High Energy Astrophysical Phenomena},
         year = "2019",
        month = "Feb",
       volume = {483},
       number = {1},
        pages = {840-851},
          doi = {10.1093/mnras/sty3093},
archivePrefix = {arXiv},
       eprint = {1808.04831},
 primaryClass = {astro-ph.HE},
       adsurl = {https://ui.adsabs.harvard.edu/abs/2019MNRAS.483..840B},
      adsnote = {Provided by the SAO/NASA Astrophysics Data System}
}

@ARTICLE{Salafia2019,
       author = {{Salafia}, O.~S. and {Ghirlanda}, G. and {Ascenzi}, S. and
         {Ghisellini}, G.},
        title = "{On-axis view of GRB 170817A}",
      journal = {\aap},
     keywords = {relativistic processes, gamma-ray burst: individual: GRB 170817A, stars: neutron, gravitational waves, Astrophysics - High Energy Astrophysical Phenomena},
         year = "2019",
        month = "Aug",
       volume = {628},
          eid = {A18},
        pages = {A18},
          doi = {10.1051/0004-6361/201935831},
archivePrefix = {arXiv},
       eprint = {1905.01190},
 primaryClass = {astro-ph.HE},
       adsurl = {https://ui.adsabs.harvard.edu/abs/2019A&A...628A..18S},
      adsnote = {Provided by the SAO/NASA Astrophysics Data System}
}

@ARTICLE{Davanzo2018,
       author = {{D'Avanzo}, P. and others},
        title = "{The evolution of the X-ray afterglow emission of GW 170817/ GRB 170817A in XMM-Newton observations}",
      journal = {\aap},
     keywords = {gravitational waves, gamma rays: general, Astrophysics - High Energy Astrophysical Phenomena},
         year = "2018",
        month = "May",
       volume = {613},
          eid = {L1},
        pages = {L1},
          doi = {10.1051/0004-6361/201832664},
archivePrefix = {arXiv},
       eprint = {1801.06164},
 primaryClass = {astro-ph.HE},
       adsurl = {https://ui.adsabs.harvard.edu/abs/2018A&A...613L...1D},
      adsnote = {Provided by the SAO/NASA Astrophysics Data System}
}

@ARTICLE{Margutti2018,
       author = {{Margutti}, R. and  others},
        title = "{The Binary Neutron Star Event LIGO/Virgo GW170817 160 Days after Merger: Synchrotron Emission across the Electromagnetic Spectrum}",
      journal = {\apjl},
     keywords = {gravitational waves, Astrophysics - High Energy Astrophysical Phenomena},
         year = "2018",
        month = "Mar",
       volume = {856},
       number = {1},
          eid = {L18},
        pages = {L18},
          doi = {10.3847/2041-8213/aab2ad},
archivePrefix = {arXiv},
       eprint = {1801.03531},
 primaryClass = {astro-ph.HE},
       adsurl = {https://ui.adsabs.harvard.edu/abs/2018ApJ...856L..18M},
      adsnote = {Provided by the SAO/NASA Astrophysics Data System}
}

@article{Lamb:2018qfn,
      author         = "Lamb, G. P. and others",
      title          = "{The optical afterglow of GW170817 at one year
                        post-merger}",
      journal        = "Astrophys. J.",
      volume         = "870",
      year           = "2019",
      number         = "2",
      pages          = "L15",
      doi            = "10.3847/2041-8213/aaf96b",
      eprint         = "1811.11491",
      archivePrefix  = "arXiv",
      primaryClass   = "astro-ph.HE",
      SLACcitation   = "%%CITATION = ARXIV:1811.11491;%%"
}
@ARTICLE{Lamb2019,
       author = {{Lamb}, G.~P. and  others},
      journal = {\apjl},
     keywords = {gravitational waves, relativistic processes, stars: neutron, Astrophysics - High Energy Astrophysical Phenomena, General Relativity and Quantum Cosmology},
         year = "2019",
        month = "Jan",
       volume = {870},
       number = {2},
          eid = {L15},
        pages = {L15},
          doi = {10.3847/2041-8213/aaf96b},
archivePrefix = {arXiv},
       eprint = {1811.11491},
 primaryClass = {astro-ph.HE},
       adsurl = {https://ui.adsabs.harvard.edu/abs/2019ApJ...870L..15L},
      adsnote = {Provided by the SAO/NASA Astrophysics Data System}
}


@ARTICLE{Dobie2018,
       author = {{Dobie}, Dougal and others},
        title = "{A Turnover in the Radio Light Curve of GW170817}",
      journal = {\apjl},
     keywords = {gravitational waves, radio continuum: stars, stars: neutron, Astrophysics - High Energy Astrophysical Phenomena},
         year = "2018",
        month = "May",
       volume = {858},
       number = {2},
          eid = {L15},
        pages = {L15},
          doi = {10.3847/2041-8213/aac105},
archivePrefix = {arXiv},
       eprint = {1803.06853},
 primaryClass = {astro-ph.HE},
       adsurl = {https://ui.adsabs.harvard.edu/abs/2018ApJ...858L..15D},
      adsnote = {Provided by the SAO/NASA Astrophysics Data System}
}

@article{Cusin:2018rsq,
      author         = "Cusin, Giulia and Dvorkin, Irina and Pitrou, Cyril and
                        Uzan, Jean-Philippe",
      title          = "{First predictions of the angular power spectrum of the
                        astrophysical gravitational wave background}",
      journal        = "Phys. Rev. Lett.",
      volume         = "120",
      year           = "2018",
      pages          = "231101",
      doi            = "10.1103/PhysRevLett.120.231101",
      eprint         = "1803.03236",
      archivePrefix  = "arXiv",
      primaryClass   = "astro-ph.CO",
      SLACcitation   = "%%CITATION = ARXIV:1803.03236;%%"
}

@article{Cusin:2019jpv,
      author         = "Cusin, Giulia and Dvorkin, Irina and Pitrou, Cyril and
                        Uzan, Jean-Philippe",
      title          = "{Properties of the stochastic astrophysical gravitational
                        wave background: astrophysical sources dependencies}",
      journal        = "Phys. Rev.",
      volume         = "D100",
      year           = "2019",
      pages          = "063004",
      doi            = "10.1103/PhysRevD.100.063004",
      eprint         = "1904.07797",
      archivePrefix  = "arXiv",
      primaryClass   = "astro-ph.CO",
      SLACcitation   = "%%CITATION = ARXIV:1904.07797;%%"
}

@article{Jenkins:2018kxc,
      author         = "Jenkins, Alexander C. and O'Shaughnessy, Richard and
                        Sakellariadou, Mairi and Wysocki, Daniel",
      title          = "{Anisotropies in the astrophysical gravitational-wave
                        background: The impact of black hole distributions}",
      journal        = "Phys. Rev. Lett.",
      volume         = "122",
      year           = "2019",
      pages          = "111101",
      doi            = "10.1103/PhysRevLett.122.111101",
      eprint         = "1810.13435",
      archivePrefix  = "arXiv",
      primaryClass   = "astro-ph.CO",
      reportNumber   = "KCL-PH-TH/2018-60",
      SLACcitation   = "%%CITATION = ARXIV:1810.13435;%%"
}

@article{Jenkins:2019cau,
      author         = "Jenkins, Alexander C. and Sakellariadou, Mairi and
                        Regimbau, Tania and Slezak, Eric and O'Shaughnessy,
                        Richard and Wysocki, Daniel",
      title          = "{Response to Cusin et al's comment on arXiv:1810.13435}",
      year           = "2019",
      eprint         = "1901.01078",
      archivePrefix  = "arXiv",
      primaryClass   = "astro-ph.CO",
      SLACcitation   = "%%CITATION = ARXIV:1901.01078;%%"
}




@article{Canas-Herrera:2019npr,
      author         = "CaÃƒÂ±as-Herrera, Guadalupe and Contigiani, Omar and
                        Vardanyan, Valeri",
      title          = "{Cross-correlation of the astrophysical
                        gravitational-wave background with galaxy clustering}",
      year           = "2019",
      eprint         = "1910.08353",
      archivePrefix  = "arXiv",
      primaryClass   = "astro-ph.CO",
      SLACcitation   = "%%CITATION = ARXIV:1910.08353;%%"
}

@article{Aasi:2013wya,
      author         = "Abbott, B. P. and others",
      title          = "{Prospects for Observing and Localizing
                        Gravitational-Wave Transients with Advanced LIGO, Advanced
                        Virgo and KAGRA}",
      collaboration  = "LIGO Scientific, VIRGO, KAGRA",
      journal        = "Living Rev. Rel.",
      volume         = "21",
      year           = "2018",
      pages          = "3",
      doi            = "10.1007/s41114-018-0012-9, 10.1007/lrr-2016-1",
      eprint         = "1304.0670",
      archivePrefix  = "arXiv",
      primaryClass   = "gr-qc",
      reportNumber   = "LIGO-P1200087, VIR-0288A-12",
      SLACcitation   = "%%CITATION = ARXIV:1304.0670;%%"
}


# section CCSN
@article{CoWh66,
	Author = {{Colgate}, S.~A. and {White}, R.~H.},
	Doi = {10.1086/148549},
	Journal = {\apj},
	Month = mar,
	Pages = {626},
	Title = {{The Hydrodynamic Behavior of Supernovae Explosions}},
	Volume = {143},
	Year = {1966},
	Bdsk-Url-1 = {https://doi.org/10.1086/148549}}

@article{Wilson74,
	Author = {Wilson, James R.},
	Doi = {10.1103/PhysRevLett.32.849},
	Journal = {Phys. Rev. Lett.},
	Month = {Apr},
	Pages = {849--852},
	Publisher = {American Physical Society},
	Title = {Coherent Neutrino Scattering and Stellar Collapse},
	Url = {https://link.aps.org/doi/10.1103/PhysRevLett.32.849},
	Volume = {32},
	Year = {1974},
	Bdsk-Url-1 = {https://link.aps.org/doi/10.1103/PhysRevLett.32.849},
	Bdsk-Url-2 = {https://doi.org/10.1103/PhysRevLett.32.849}}

@article{radice:17,
	Author = {{Radice}, D. and {Burrows}, A. and {Vartanyan}, D. and {Skinner}, M.~A. and {Dolence}, J.~C.},
	Doi = {10.3847/1538-4357/aa92c5},
	Eid = {43},
	Journal = {\apj},
	Month = nov,
	Pages = {43},
	Title = {{Electron-capture and Low-mass Iron-core-collapse Supernovae: New Neutrino-radiation-hydrodynamics Simulations}},
	Volume = {850},
	Year = {2017},
	Bdsk-Url-1 = {https://doi.org/10.3847/1538-4357/aa92c5}}

@article{JaMu96,
	Author = {{Janka}, H.-T. and {Mueller}, E.},
	Journal = {\aap},
	Month = feb,
	Pages = {167},
	Title = {{Neutrino heating, convection, and the mechanism of Type-II supernova explosions.}},
	Volume = {306},
	Year = {1996}}

@article{mezz:98,
	Author = {{Mezzacappa}, A. and {Calder}, A.~C. and {Bruenn}, S.~W. and {Blondin}, J.~M. and {Guidry}, M.~W. and {Strayer}, M.~R. and {Umar}, A.~S.},
	Doi = {10.1086/305338},
	Journal = {\apj},
	Month = mar,
	Pages = {911-926},
	Title = {{An Investigation of Neutrino-driven Convection and the Core Collapse Supernova Mechanism Using Multigroup Neutrino Transport}},
	Volume = {495},
	Year = {1998},
	Bdsk-Url-1 = {https://doi.org/10.1086/305338}}


@article{foglizzo:07,
	Author = {{Foglizzo}, T. and {Galletti}, P. and {Scheck}, L. and {Janka}, H.-T.},
	Doi = {10.1086/509612},
	Journal = {\apj},
	Month = jan,
	Pages = {1006-1021},
	Title = {{Instability of a Stalled Accretion Shock: Evidence for the Advective-Acoustic Cycle}},
	Volume = {654},
	Year = {2007},
	Bdsk-Url-1 = {https://doi.org/10.1086/509612}}

@article{blondin:03,
	Author = {{Blondin}, J.~M. and {Mezzacappa}, A. and {DeMarino}, C.},
	Doi = {10.1086/345812},
	Journal = {\apj},
	Month = feb,
	Pages = {971-980},
	Title = {{Stability of Standing Accretion Shocks, with an Eye toward Core-Collapse Supernovae}},
	Volume = {584},
	Year = {2003},
	Bdsk-Url-1 = {https://doi.org/10.1086/345812}}

@article{murphy:13,
	Author = {{Murphy}, J.~W. and {Dolence}, J.~C. and {Burrows}, A.},
	Doi = {10.1088/0004-637X/771/1/52},
	Eid = {52},
	Journal = {\apj},
	Month = jul,
	Pages = {52},
	Title = {{The Dominance of Neutrino-driven Convection in Core-collapse Supernovae}},
	Volume = {771},
	Year = {2013},
	Bdsk-Url-1 = {https://doi.org/10.1088/0004-637X/771/1/52}}

@article{CoOt13,
	Author = {{Couch}, S.~M. and {Ott}, C.~D.},
	Doi = {10.1088/2041-8205/778/1/L7},
	Eid = {L7},
	Journal = {\apjl},
	Month = nov,
	Pages = {L7},
	Title = {{Revival of the Stalled Core-collapse Supernova Shock Triggered by Precollapse Asphericity in the Progenitor Star}},
	Volume = {778},
	Year = {2013},
	Bdsk-Url-1 = {https://doi.org/10.1088/2041-8205/778/1/L7}}

@article{MuMeHe17,
	Author = {{M{\"u}ller}, B. and {Melson}, T. and {Heger}, A. and {Janka}, H.-T.},
	Doi = {10.1093/mnras/stx1962},
	Journal = {\mnras},
	Month = nov,
	Pages = {491-513},
	Title = {{Supernova simulations from a 3D progenitor model - Impact of perturbations and evolution of explosion properties}},
	Volume = {472},
	Year = {2017},
	Bdsk-Url-1 = {https://doi.org/10.1093/mnras/stx1962}}

@article{MuJaMa12,
	Author = {{M{\"u}ller}, B. and {Janka}, H.-T. and {Marek}, A.},
	Doi = {10.1088/0004-637X/756/1/84},
	Eid = {84},
	Journal = {\apj},
	Month = sep,
	Pages = {84},
	Title = {{A New Multi-dimensional General Relativistic Neutrino Hydrodynamics Code for Core-collapse Supernovae. II. Relativistic Explosion Models of Core-collapse Supernovae}},
	Volume = {756},
	Year = {2012},
	Bdsk-Url-1 = {https://doi.org/10.1088/0004-637X/756/1/84}}

@article{MuJaHe12,
	Author = {{M{\"u}ller}, B. and {Janka}, H.-T. and {Heger}, A.},
	Doi = {10.1088/0004-637X/761/1/72},
	Eid = {72},
	Journal = {\apj},
	Month = dec,
	Pages = {72},
	Title = {{New Two-dimensional Models of Supernova Explosions by the Neutrino-heating Mechanism: Evidence for Different Instability Regimes in Collapsing Stellar Cores}},
	Volume = {761},
	Year = {2012},
	Bdsk-Url-1 = {https://doi.org/10.1088/0004-637X/761/1/72}}

@article{takiwaki:12,
	Author = {{Takiwaki}, T. and {Kotake}, K. and {Suwa}, Y.},
	Doi = {10.1088/0004-637X/749/2/98},
	Eid = {98},
	Journal = {\apj},
	Month = apr,
	Pages = {98},
	Title = {{Three-dimensional Hydrodynamic Core-collapse Supernova Simulations for an 11.2 M$_{?}$ Star with Spectral Neutrino Transport}},
	Volume = {749},
	Year = {2012},
	Bdsk-Url-1 = {https://doi.org/10.1088/0004-637X/749/2/98}}
@article{OcCo18,
	Author = {{O\'{}Connor}, E.~P. and {Couch}, S.~M.},
	Doi = {10.3847/1538-4357/aaa893},
	Eid = {63},
	Journal = {\apj},
	Month = feb,
	Pages = {63},
	Title = {{Two-dimensional Core-collapse Supernova Explosions Aided by General Relativity with Multidimensional Neutrino Transport}},
	Volume = {854},
	Year = {2018},
	Bdsk-Url-1 = {https://doi.org/10.3847/1538-4357/aaa893}}
@article{hanke_13,
	Author = {{Hanke}, F. and {M{\"u}ller}, B. and {Wongwathanarat}, A. and {Marek}, A. and {Janka}, H.-T.},
	Doi = {10.1088/0004-637X/770/1/66},
	Eid = {66},
	Journal = {\apj},
	Month = jun,
	Pages = {66},
	Title = {{SASI Activity in Three-dimensional Neutrino-hydrodynamics Simulations of Supernova Cores}},
	Volume = {770},
	Year = {2013},
	Bdsk-Url-1 = {https://doi.org/10.1088/0004-637X/770/1/66}}

@article{cerda_13,
	Author = {{Cerd{\'a}-Dur{\'a}n}, P. and {DeBrye}, N. and {Aloy}, M.~A. and {Font}, J.~A. and {Obergaulinger}, M.},
	Doi = {10.1088/2041-8205/779/2/L18},
	Eid = {L18},
	Journal = {\apjl},
	Month = dec,
	Pages = {L18},
	Title = {{Gravitational Wave Signatures in Black Hole Forming Core Collapse}},
	Volume = {779},
	Year = {2013},
	Bdsk-Url-1 = {https://doi.org/10.1088/2041-8205/779/2/L18}}

@article{Powell:2018isq,
      author         = "Powell, Jade and MÃƒÂ¼ller, Bernhard",
      title          = "{Gravitational Wave Emission from 3D Explosion Models of
                        Core-Collapse Supernovae with Low and Normal Explosion
                        Energies}",
      journal        = "Mon. Not. Roy. Astron. Soc.",
      volume         = "487",
      year           = "2019",
      number         = "1",
      pages          = "1178-1190",
      doi            = "10.1093/mnras/stz1304",
      eprint         = "1812.05738",
      archivePrefix  = "arXiv",
      primaryClass   = "astro-ph.HE",
      SLACcitation   = "%%CITATION = ARXIV:1812.05738;%%"
}

@article{Radice:2018usf,
      author         = "Radice, David and Morozova, Viktoriya and Burrows, Adam
                        and Vartanyan, David and Nagakura, Hiroki",
      title          = "{Characterizing the Gravitational Wave Signal from
                        Core-Collapse Supernovae}",
      journal        = "Astrophys. J.",
      volume         = "876",
      year           = "2019",
      number         = "1",
      pages          = "L9",
      doi            = "10.3847/2041-8213/ab191a",
      eprint         = "1812.07703",
      archivePrefix  = "arXiv",
      primaryClass   = "astro-ph.HE",
      SLACcitation   = "%%CITATION = ARXIV:1812.07703;%%"
}

#CCSN rotating
@article{ZwMu97,
	Author = {{Zwerger}, T. and {Mueller}, E.},
	Journal = {\aap},
	Month = apr,
	Pages = {209-227},
	Title = {{Dynamics and gravitational wave signature of axisymmetric rotational core collapse.}},
	Volume = {320},
	Year = {1997}}

@article{DiFoMu01,
	Author = {{Dimmelmeier}, H. and {Font}, J.~A. and {M{\"u}ller}, E.},
	Doi = {10.1086/324406},
	Journal = {\apjl},
	Month = oct,
	Pages = {L163-L166},
	Title = {{Gravitational Waves from Relativistic Rotational Core Collapse}},
	Volume = {560},
	Year = {2001},
	Bdsk-Url-1 = {https://doi.org/10.1086/324406}}

@article{DiFoMu02,
	Author = {{Dimmelmeier}, H. and {Font}, J.~A. and {M{\"u}ller}, E.},
	Doi = {10.1051/0004-6361:20021053},
	Journal = {\aap},
	Month = oct,
	Pages = {523-542},
	Title = {{Relativistic simulations of rotational core collapse II. Collapse dynamics and gravitational radiation}},
	Volume = {393},
	Year = {2002},
	Bdsk-Url-1 = {https://doi.org/10.1051/0004-6361:20021053}}

@article{dimmelmeier:07,
	Author = {{Dimmelmeier}, H. and {Ott}, C.~D. and {Janka}, H.-T. and {Marek}, A. and {M{\"u}ller}, E.},
	Doi = {10.1103/PhysRevLett.98.251101},
	Eid = {251101},
	Journal = {Physical Review Letters},
	Month = jun,
	Number = {25},
	Pages = {251101},
	Title = {{Generic Gravitational-Wave Signals from the Collapse of Rotating Stellar Cores}},
	Volume = {98},
	Year = {2007},
	Bdsk-Url-1 = {https://doi.org/10.1103/PhysRevLett.98.251101}}

@article{ott:07,
	Author = {{Ott}, C.~D. and {Dimmelmeier}, H. and {Marek}, A. and {Janka}, H.-T. and {Hawke}, I. and {Zink}, B. and {Schnetter}, E.},
	Doi = {10.1103/PhysRevLett.98.261101},
	Eid = {261101},
	Journal = {Physical Review Letters},
	Month = jun,
	Number = {26},
	Pages = {261101},
	Title = {{3D Collapse of Rotating Stellar Iron Cores in General Relativity Including Deleptonization and a Nuclear Equation of State}},
	Volume = {98},
	Year = {2007},
	Bdsk-Url-1 = {https://doi.org/10.1103/PhysRevLett.98.261101}}

@article{dimmelmeier:08,
	Author = {{Dimmelmeier}, H. and {Ott}, C.~D. and {Marek}, A. and {Janka}, H.-T.},
	Doi = {10.1103/PhysRevD.78.064056},
	Eid = {064056},
	Journal = {\prd},
	Month = sep,
	Number = {6},
	Pages = {064056},
	Title = {{Gravitational wave burst signal from core collapse of rotating stars}},
	Volume = {78},
	Year = {2008},
	Bdsk-Url-1 = {https://doi.org/10.1103/PhysRevD.78.064056}}

@article{kuroda:14,
	Author = {{Kuroda}, T. and {Takiwaki}, T. and {Kotake}, K.},
	Doi = {10.1103/PhysRevD.89.044011},
	Eid = {044011},
	Journal = {\prd},
	Month = feb,
	Number = {4},
	Pages = {044011},
	Title = {{Gravitational wave signatures from low-mode spiral instabilities in rapidly rotating supernova cores}},
	Volume = {89},
	Year = {2014},
	Bdsk-Url-1 = {https://doi.org/10.1103/PhysRevD.89.044011}}

@article{yakunin:15,
	Author = {{Yakunin}, K.~N. and {Mezzacappa}, A. and {Marronetti}, P. and {Yoshida}, S. and {Bruenn}, S.~W. and {Hix}, W.~R. and {Lentz}, E.~J. and {Bronson Messer}, O.~E. and {Harris}, J.~A. and {Endeve}, E. and {Blondin}, J.~M. and {Lingerfelt}, E.~J.},
	Doi = {10.1103/PhysRevD.92.084040},
	Eid = {084040},
	Journal = {\prd},
	Month = oct,
	Number = {8},
	Pages = {084040},
	Title = {{Gravitational wave signatures of ab initio two-dimensional core collapse supernova explosion models for 12 -25 M$_{?}$ stars}},
	Volume = {92},
	Year = {2015},
	Bdsk-Url-1 = {https://doi.org/10.1103/PhysRevD.92.084040}}

@article{kuroda:16,
	Author = {{Kuroda}, T. and {Kotake}, K. and {Takiwaki}, T.},
	Doi = {10.3847/2041-8205/829/1/L14},
	Eid = {L14},
	Journal = {\apjl},
	Month = sep,
	Pages = {L14},
	Title = {{A New Gravitational-wave Signature from Standing Accretion Shock Instability in Supernovae}},
	Volume = {829},
	Year = {2016},
	Bdsk-Url-1 = {https://doi.org/10.3847/2041-8205/829/1/L14}}

@article{andresen:17,
	Author = {{Andresen}, H. and {M{\"u}ller}, B. and {M{\"u}ller}, E. and {Janka}, H.-T.},
	Doi = {10.1093/mnras/stx618},
	Journal = {\mnras},
	Month = jun,
	Pages = {2032-2051},
	Title = {{Gravitational wave signals from 3D neutrino hydrodynamics simulations of core-collapse supernovae}},
	Volume = {468},
	Year = {2017},
	Bdsk-Url-1 = {https://doi.org/10.1093/mnras/stx618}}

# CCSN detection
@article{gossan:16,
	Author = {{Gossan}, S.~E. and {Sutton}, P. and {Stuver}, A. and {Zanolin}, M. and {Gill}, K. and {Ott}, C.~D.},
	Doi = {10.1103/PhysRevD.93.042002},
	Eid = {042002},
	Journal = {\prd},
	Month = feb,
	Number = {4},
	Pages = {042002},
	Title = {{Observing gravitational waves from core-collapse supernovae in the advanced detector era}},
	Volume = {93},
	Year = {2016},
	Bdsk-Url-1 = {https://doi.org/10.1103/PhysRevD.93.042002}}

@article{Diehl:2006cf,
	Author = {Diehl, Roland and others},
	Doi = {10.1038/nature04364},
	Journal = {Nature},
	Pages = {45-47},
	Title = {{Radioactive Al-26 and massive stars in the galaxy}},
	Volume = {439},
	Year = {2006},
	Bdsk-Url-1 = {https://doi.org/10.1038/nature04364}}

@article{Abe:2016waf,
      author         = "Abe, K. and others",
      title          = "{Real-Time Supernova Neutrino Burst Monitor at
                        Super-Kamiokande}",
      collaboration  = "Super-Kamiokande",
      journal        = "Astropart. Phys.",
      volume         = "81",
      year           = "2016",
      pages          = "39-48",
      doi            = "10.1016/j.astropartphys.2016.04.003",
      eprint         = "1601.04778",
      archivePrefix  = "arXiv",
      primaryClass   = "astro-ph.HE",
      SLACcitation   = "%%CITATION = ARXIV:1601.04778;%%"
}

@inproceedings{Ankowski:2016lab,
      author         = "Ankowski, Artur and others",
      title          = "{Supernova Physics at DUNE}",
      booktitle      = "{Supernova Physics at DUNE Blacksburg, Virginia, USA,
                        March 11-12, 2016}",
      year           = "2016",
      eprint         = "1608.07853",
      archivePrefix  = "arXiv",
      primaryClass   = "hep-ex",
      SLACcitation   = "%%CITATION = ARXIV:1608.07853;%%"
}

@article{Lu:2014zma,
      author         = "Lu, Jia-Shu and Cao, Jun and Li, Yu-Feng and Zhou, Shun",
      title          = "{Constraining Absolute Neutrino Masses via Detection of
                        Galactic Supernova Neutrinos at JUNO}",
      journal        = "JCAP",
      volume         = "1505",
      year           = "2015",
      number         = "05",
      pages          = "044",
      doi            = "10.1088/1475-7516/2015/05/044",
      eprint         = "1412.7418",
      archivePrefix  = "arXiv",
      primaryClass   = "hep-ph",
      SLACcitation   = "%%CITATION = ARXIV:1412.7418;%%"
}

@article{Abbasi:2011ss,
      author         = "Abbasi, R. and others",
      title          = "{IceCube Sensitivity for Low-Energy Neutrinos from Nearby
                        Supernovae}",
      collaboration  = "IceCube",
      journal        = "Astron. Astrophys.",
      volume         = "535",
      year           = "2011",
      pages          = "A109",
      doi            = "10.1051/0004-6361/201117810e,
                        10.1051/0004-6361/201117810",
      note           = "[Erratum: Astron. Astrophys.563,C1(2014)]",
      eprint         = "1108.0171",
      archivePrefix  = "arXiv",
      primaryClass   = "astro-ph.HE",
      SLACcitation   = "%%CITATION = ARXIV:1108.0171;%%"
}

@article{Agafonova:2007hn,
	Author = {Agafonova, N. {\relax Yu}. and others},
	Doi = {10.1016/j.astropartphys.2007.09.005},
	Journal = {Astropart. Phys.},
	Pages = {516-522},
	Title = {{On-line recognition of supernova neutrino bursts in the LVD detector}},
	Volume = {28},
	Year = {2008},
	Bdsk-Url-1 = {https://doi.org/10.1016/j.astropartphys.2007.09.005}}

@article{Cadonati:2000kq,
	Author = {Cadonati, L. and Calaprice, F. P. and Chen, M. C.},
	Doi = {10.1016/S0927-6505(01)00129-3},
	Journal = {Astropart. Phys.},
	Pages = {361-372},
	Title = {{Supernova neutrino detection in borexino}},
	Volume = {16},
	Year = {2002},
	Bdsk-Url-1 = {https://doi.org/10.1016/S0927-6505(01)00129-3}}

@article{Tolich:2011zz,
	Author = {Tolich, Kazumi},
	Booktitle = {{Neutrino physics and astrophysics. Proceedings, 22nd International Conference, Neutrino 2006, Santa Fe, USA, June 13-19, 2006}},
	Doi = {10.1016/j.nuclphysbps.2011.10.005},
	Journal = {Nucl. Phys. Proc. Suppl.},
	Pages = {355},
	Title = {{Supernova detection with KamLAND}},
	Volume = {221},
	Year = {2011},
	Bdsk-Url-1 = {https://doi.org/10.1016/j.nuclphysbps.2011.10.005}}

@article{Tamborra14,
	Author = {{Tamborra}, I. and {Raffelt}, G. and {Hanke}, F. and {Janka}, H.-T. and {M{\"u}ller}, B.},
	Doi = {10.1103/PhysRevD.90.045032},
	Eid = {045032},
	Journal = {\prd},
	Pages = {045032},
	Title = {{Neutrino emission characteristics and detection opportunities based on three-dimensional supernova simulations}},
	Volume = {90},
	Year = {2014},
	Bdsk-Url-1 = {https://doi.org/10.1103/PhysRevD.90.045032}}


@article{MuRaBu04,
	Author = {{M{\"u}ller}, E. and {Rampp}, M. and {Buras}, R. and {Janka}, H.-T. and {Shoemaker}, D.~H.},
	Doi = {10.1086/381360},
	Journal = {\apj},
	Pages = {221-230},
	Title = {{Toward Gravitational Wave Signals from Realistic Core-Collapse Supernova Models}},
	Volume = {603},
	Year = {2004},
	Bdsk-Url-1 = {https://doi.org/10.1086/381360}}

@article{BMuller14,
	Author = {{M{\"u}ller}, B. and {Janka}, H.-T.},
	Doi = {10.1088/0004-637X/788/1/82},
	Eid = {82},
	Journal = {\apj},
	Pages = {82},
	Title = {{A New Multi-dimensional General Relativistic Neutrino Hydrodynamics Code for Core-collapse Supernovae. IV. The Neutrino Signal}},
	Volume = {788},
	Year = {2014},
	Bdsk-Url-1 = {https://doi.org/10.1088/0004-637X/788/1/82}}

@article{Kuroda:2017trn,
      author         = "Kuroda, Takami and Kotake, Kei and Hayama, Kazuhiro and
                        Takiwaki, Tomoya",
      title          = "{Correlated Signatures of Gravitational-Wave and Neutrino
                        Emission in Three-Dimensional General-Relativistic
                        Core-Collapse Supernova Simulations}",
      journal        = "Astrophys. J.",
      volume         = "851",
      year           = "2017",
      number         = "1",
      pages          = "62",
      doi            = "10.3847/1538-4357/aa988d",
      eprint         = "1708.05252",
      archivePrefix  = "arXiv",
      primaryClass   = "astro-ph.HE",
      SLACcitation   = "%%CITATION = ARXIV:1708.05252;%%"
}


# Burst neutron star
@article{Duncan:1992hi,
      author         = "Duncan, Robert C. and Thompson, Christopher",
      title          = "{Formation of very strongly magnetized neutron stars -
                        implications for gamma-ray bursts}",
      journal        = "Astrophys. J.",
      volume         = "392",
      year           = "1992",
      pages          = "L9",
      doi            = "10.1086/186413",
      SLACcitation   = "%%CITATION = ASJOA,392,L9;%%"
}


@article{Brito:2017zvb,
      author         = "Brito, Richard and Ghosh, Shrobana and Barausse, Enrico
                        and Berti, Emanuele and Cardoso, Vitor and Dvorkin, Irina
                        and Klein, Antoine and Pani, Paolo",
      title          = "{Gravitational wave searches for ultralight bosons with
                        LIGO and LISA}",
      journal        = "Phys. Rev.",
      volume         = "D96",
      year           = "2017",
      number         = "6",
      pages          = "064050",
      doi            = "10.1103/PhysRevD.96.064050",
      eprint         = "1706.06311",
      archivePrefix  = "arXiv",
      primaryClass   = "gr-qc",
      SLACcitation   = "%%CITATION = ARXIV:1706.06311;%%"
}

@article{Brito:2017wnc,
      author         = "Brito, Richard and Ghosh, Shrobana and Barausse, Enrico
                        and Berti, Emanuele and Cardoso, Vitor and Dvorkin, Irina
                        and Klein, Antoine and Pani, Paolo",
      title          = "{Stochastic and resolvable gravitational waves from
                        ultralight bosons}",
      journal        = "Phys. Rev. Lett.",
      volume         = "119",
      year           = "2017",
      number         = "13",
      pages          = "131101",
      doi            = "10.1103/PhysRevLett.119.131101",
      eprint         = "1706.05097",
      archivePrefix  = "arXiv",
      primaryClass   = "gr-qc",
      SLACcitation   = "%%CITATION = ARXIV:1706.05097;%%"
}

@article{Barausse:2018vdb,
      author         = "Barausse, Enrico and Brito, Richard and Cardoso, Vitor
                        and Dvorkin, Irina and Pani, Paolo",
      title          = "{The stochastic gravitational-wave background in the
                        absence of horizons}",
      journal        = "Class. Quant. Grav.",
      volume         = "35",
      year           = "2018",
      number         = "20",
      pages          = "20LT01",
      doi            = "10.1088/1361-6382/aae1de",
      eprint         = "1805.08229",
      archivePrefix  = "arXiv",
      primaryClass   = "gr-qc",
      SLACcitation   = "%%CITATION = ARXIV:1805.08229;%%"
}

@article{Renzini:2018vkx,
      author         = "Renzini, A. I. and Contaldi, C. R.",
      title          = "{Mapping Incoherent Gravitational Wave Backgrounds}",
      journal        = "Mon. Not. Roy. Astron. Soc.",
      volume         = "481",
      year           = "2018",
      pages          = "4650-4661",
      doi            = "10.1093/mnras/sty2546",
      eprint         = "1806.11360",
      archivePrefix  = "arXiv",
      primaryClass   = "astro-ph.IM",
      reportNumber   = "Imperial/TP/18/CRC/2",
      SLACcitation   = "%%CITATION = ARXIV:1806.11360;%%"
}

@article{Sathyaprakash:2019rom,
      author         = "Sathyaprakash, B. S. and others",
      title          = "{Multimessenger Universe with Gravitational Waves from
                        Binaries}",
      year           = "2019",
      eprint         = "1903.09277",
      archivePrefix  = "arXiv",
      primaryClass   = "astro-ph.HE",
      SLACcitation   = "%%CITATION = ARXIV:1903.09277;%%"
}


