@article{Gutenberg1958,
  author = {B. Gutenberg},
  title = {Microseisms},
  journal = {Advances in Geophysics},
  year = {1958},
  volume = {5},
  pages = {53-92},
  howpublished = {Advances in Geophysics 5: 53-92},
  language = {English},
  owner = {Rabeling},
  timestamp = {2010.10.25}
}
@article{Asten1984,
  author = {M.W. Asten},
  title = {Arrays estimators and the use of microseisms for reconnaissance of
	sedimentary basins},
  journal = {Bulletin of the Seismological Society of America},
  year = {2002},
  volume = {68},
  pages = {1623 - 1636},
  owner = {Rabeling},
  timestamp = {2010.10.25}
}
@MISC{Peck2008,
  author = {L. Peck},
  title = "{Overview of Seismic Noise and its relevance to Personnel detections}",
  howpublished = {ERDC/CRREL TR-08-5, US Army Corps of Engineers},
  month = {April},
  year = {2008},
  note = {Engineer Research and Development Center},
  owner = {Rabeling},
  timestamp = {2010.10.25}
}
@ELECTRONIC{Peterson1993,
  author = {J. Peterson},
  year = {1993},
  title = {Observations and modeling of seismic background noise},
  howpublished = {Open-File report 93-322},
  organization = {Department of Interior Geological Survey},
  owner = {Rabeling},
  timestamp = {2010.10.25}
}

@conference{Schofield2000,
  author = {Schofield, R. and M. Ito and E. Mauceli and H. Radkins and C. Gray
	and G. Moreno and G. Gonzalez.},
  title = {Source and propagation of the predominant 1-50 Hz seismic signal
	from off-site at LIGO-Hanford},
  year = {2000},
  organization = {LIGO Scientific Collaboration Meeting, LIGO Hanford Observatory,
	Hanford, Washington, 15-17 August 2000.},
  bdsk-url-1 = {http://admdbsrv.ligo.cltech.edu/meetings/lsc{\%}5C_default.htf?meetingid=6},
  bdsk-url-2 = {http://admdbsrv.ligo.cltech.edu/meetings/lsc%5C_default.htf?meetingid=6},
  owner = {Rabeling},
  timestamp = {2010.10.25},
  url = {http://admdbsrv.ligo.cltech.edu/meetings/lsc\_default.htf?meetingid=6}
}
@unpublished{VIR-NOT-FIR-1390-251,
  author = {Fiori, I. and Holloway, L. and Paoletti, F.},
  title = {Studies of the 1 - 4 Hz seism},
  note = {Internal Virgo Note (VIR-NOT-FIR-1390-251)},
  owner = {punturo},
  timestamp = {2011.06.15},
  url = {https://tds.ego-gw.it/ql/?c=1463}
}
@ARTICLE{Coward2003,
  author = {Coward, D. and D. Blair and R. Burman and and C. Zhao.},
  title = {Vehicle-induced seismic effects at a gravitational wave observatory},
  journal = {Review of Scientific Instruments},
  year = {2003},
  volume = {74},
  pages = {4846 - 4854},
  owner = {Rabeling},
  timestamp = {2010.10.25}
}
@ARTICLE{GGthorneWinstein,
  author = {Thorne, Kip S. and Winstein, Carolee J.},
  title = {Human gravity-gradient noise in interferometric gravitational-wave
	detectors},
  journal = {Phys. Rev. D},
  year = {1999},
  volume = {60},
  pages = {082001},
  number = {8},
  month = {Sep},
  bdsk-url-1 = {http://dx.doi.org/10.1103/PhysRevD.60.082001},
  doi = {10.1103/PhysRevD.60.082001},
  numpages = {11},
  publisher = {American Physical Society}
}
@article{WiEA1996,
    title =     {High-frequency analysis of seismic background noise as a function of wind speed and shallow depth},
    author =    {Withers, M.M. and Aster, R.C. and Young, C.J. and Chael, E.P.},
    journal =   {Bulletin of the Seismological Society of America},
    volume =    {86},
    number =    {5},
    pages =     {1507--1515},
    year =      {1996},    
    publisher = {Seismological Society of America}
}
@article{Ell1972a, 
	title={Microscale pressure fluctuations measured within the lower atmospheric boundary layer}, 
	volume={53}, 
	DOI={10.1017/S0022112072000199}, 
	number={2}, 	
	journal={Journal of Fluid Mechanics}, 
	publisher={Cambridge University Press},
	author={Elliott, J. A.},
	year={1972}, 
	pages={351--384}
}
@article{McHe1975,
	author="McDonald, John A. and Herrin, Eugene",
	title="Properties of pressure fluctuations in an atmospheric boundary layer",
	journal="Boundary-Layer Meteorology",
	year="1975",
	month="Apr",
	day="01",
	volume="8",
	number="3",
	pages="419--436",
	issn="1573-1472",
	doi="10.1007/BF02153561",
	url="https://doi.org/10.1007/BF02153561"
}
@article{AlEA1998,
	author = {Albertson,John D.  and Katul,Gabriel G.  and Parlange,Marc B.  and Eichinger,William E.},
	title = "{Spectral scaling of static pressure fluctuations in the atmospheric surface layer: The interaction between large and small scales}",
	journal = {Physics of Fluids},
	volume = {10},
	number = {7},
	pages = {1725-1732},
	year = {1998},
	doi = {10.1063/1.869689},
	URL = {https://doi.org/10.1063/1.869689},
	eprint = {https://doi.org/10.1063/1.869689}
}
@inproceedings{BMS2004,
  title={Dynamic pressure fluctuations at real-life plunge pool bottoms},
  author={Bollaert, EFR and Manso, P and Schleiss, AJ},
  booktitle={Proc. Int. Conf. Hydraulics of Dams and River Structures},
  pages={117--124},
  year={2004}
}
@article{ScJe2018,
	AUTHOR = {Schaffarczyk, Alois Peter and Jeromin, Andreas},
	TITLE = "{Measurements of High-Frequency Atmospheric Turbulence and Its Impact on the Boundary Layer of Wind Turbine Blades}",
	JOURNAL = {Applied Sciences},
	VOLUME = {8},
	YEAR = {2018},
	NUMBER = {9},
	ARTICLE-NUMBER = {1417},
	URL = {http://www.mdpi.com/2076-3417/8/9/1417},
	ISSN = {2076-3417},
	DOI = {10.3390/app8091417}
}
@article{Lig1952,
    author = {Lighthill, M. J.},
    title = "{On Sound Generated Aerodynamically. I. General Theory}",
    volume = {211},
    number = {1107},
    pages = {564--587},
    year = {1952},
    doi = {10.1098/rspa.1952.0060},
    publisher = {The Royal Society},
    issn = {0080-4630},
    journal = {Proceedings of the Royal Society of London A: Mathematical, Physical and Engineering Sciences}
}
@article{Lig1954,
    author = {Lighthill, M. J.},
    title = "{On Sound Generated Aerodynamically. II. Turbulence as a Source of Sound}",
    volume = {222},
    number = {1148},
    pages = {1--32},
    year = {1954},
    doi = {10.1098/rspa.1954.0049},
    publisher = {The Royal Society},
    issn = {0080-4630},
    journal = {Proceedings of the Royal Society of London A: Mathematical, Physical and Engineering Sciences}
}
@article{TrEA2015,
	author="Tr{\"a}umner, K. and Damian, Th. and Stawiarski, Ch. and Wieser, A.",
	title="Turbulent Structures and Coherence in the Atmospheric Surface Layer",
	journal="Boundary-Layer Meteorology",
	year="2015",
	month="Jan",
	day="01",
	volume="154",
	number="1",
	pages="1--25",
	issn="1573-1472",
	doi="10.1007/s10546-014-9967-6",
	url="https://doi.org/10.1007/s10546-014-9967-6"
}
@incollection{Neu2010,
    year={2010},
    isbn={978-3-642-11740-4},
    booktitle={Sciences of Geodesy - I},
    editor={Xu, Guochang},
    doi={10.1007/978-3-642-11741-1_10},
    title="{Superconducting Gravimetry}",
    url={http://dx.doi.org/10.1007/978-3-642-11741-1_10},
    publisher={Springer Berlin Heidelberg},
    author={Neumeyer, J\"urgen},
    pages={339-413},
    language={English}
}
@article{Cre2008,
  author={Teviet Creighton},
  title="{Tumbleweeds and airborne gravitational noise sources for LIGO}",
  journal={Classical and Quantum Gravity},
  volume={25},
  number={12},
  pages={125011},
  url={http://stacks.iop.org/0264-9381/25/i=12/a=125011},
  year={2008}
}
@article{FiEA2018,
  title = {Impact of infrasound atmospheric noise on gravity detectors used for astrophysical and geophysical applications},
  author = {Fiorucci, Donatella and Harms, Jan and Barsuglia, Matteo and Fiori, Irene and Paoletti, Federico},
  journal = {Phys. Rev. D},
  volume = {97},
  issue = {6},
  pages = {062003},
  numpages = {14},
  year = {2018},
  month = {Mar},
  publisher = {American Physical Society},
  doi = {10.1103/PhysRevD.97.062003},
  url = {https://link.aps.org/doi/10.1103/PhysRevD.97.062003}
}
@book{Dav2004,
  title="{Turbulence: An Introduction for Scientists and Engineers}",
  author={Davidson, Peter Alan},
  year={2004},
  publisher={Oxford University Press}
}

@book{Orf2007,
  title={Optimum signal processing: an introduction},
  author={Orfanidis, Sophocles J},
  year={2007},
  publisher={Macmillan publishing company}
}
@article{CoEA2016a,
  author={M Coughlin and N Mukund and J Harms and J Driggers and R Adhikari and S Mitra},
  title="{Towards a first design of a Newtonian-noise cancellation system for Advanced LIGO}",
  journal={Classical and Quantum Gravity},
  volume={33},
  number={24},
  pages={244001},
  url={http://stacks.iop.org/0264-9381/33/i=24/a=244001},
  year={2016}
}
@article{CoEA2018a,
  title = "{Implications of Dedicated Seismometer Measurements on Newtonian-Noise Cancellation for Advanced LIGO}",
  author = {Coughlin, M. W. and Harms, J. and Driggers, J. and McManus, D. J. and Mukund, N. and Ross, M. P. and Slagmolen, B. J. J. and Venkateswara, K.},
  journal = {Phys. Rev. Lett.},
  volume = {121},
  issue = {22},
  pages = {221104},
  numpages = {6},
  year = {2018},
  month = {Nov},
  publisher = {American Physical Society},
  doi = {10.1103/PhysRevLett.121.221104},
  url = {https://link.aps.org/doi/10.1103/PhysRevLett.121.221104}
}
@article{CaEA2013,
author = {B. Canuel and E. Genin and G. Vajente and J. Marque},
journal = {Opt. Express},
keywords = {Interferometry; Scattering; Multiple scattering; Optical systems; Optical testing; Power spectral density; Radiation pressure; Stray light},
number = {9},
pages = {10546--10562},
publisher = {OSA},
title = {Displacement noise from back scattering and specular reflection of input optics in advanced gravitational wave detectors},
volume = {21},
month = {May},
year = {2013},
url = {http://www.opticsexpress.org/abstract.cfm?URI=oe-21-9-10546},
doi = {10.1364/OE.21.010546}
}
@article{DABo2012,
    author = {De Angelis, Silvio and Bodin, Paul}, 
    title = "{Watching the Wind: Seismic Data Contamination at Long Periods due to Atmospheric Pressure?Field?Induced Tilting Seismic Data Contamination at Long Periods due to Atmospheric Pressure?Field?Induced Tilting}",
    volume = {102}, 
    number = {3}, 
    pages = {1255-1265}, 
    year = {2012},
    URL = {https://doi.org/10.1785/0120110186}, 
    doi = {10.1785/0120110186},
    journal = {Bulletin of the Seismological Society of America} 
}
@article{MaEv2015,
    author = {Matichard, Fabric and Evans, Matthew}, 
    title = "{Review: Tilt‐Free Low‐Noise SeismometryReview: Tilt‐Free Low‐Noise Seismometry}",
    volume = {105}, 
    number = {2A}, 
    pages = {497-510}, 
    year = {2015},
    URL = {https://doi.org/10.1785/0120140200}, 
    doi = {10.1785/0120140200},
    journal = {Bulletin of the Seismological Society of America} 
}
@article{MLMa2018,
       author = {{Mow-Lowry}, Conor M. and {Martynov}, Denis},
        title = "{A 6D interferometric inertial isolation system}",
      journal = {arXiv e-prints},
     keywords = {Astrophysics - Instrumentation and Methods for Astrophysics, General Relativity and Quantum Cosmology, Physics - Instrumentation and Detectors},
         year = "2018",
        month = "Jan",
          eid = {arXiv:1801.01468},
        pages = {arXiv:1801.01468},
archivePrefix = {arXiv},
       eprint = {1801.01468},
 primaryClass = {astro-ph.IM}
}
@article{VeEA2014,
    author = {Venkateswara,Krishna  and Hagedorn,Charles A.  and Turner,Matthew D.  and Arp,Trevor  and Gundlach,Jens H. },
    title = {A high-precision mechanical absolute-rotation sensor},
    journal = {Review of Scientific Instruments},
    volume = {85},
    number = {1},
    pages = {015005},
    year = {2014},
    doi = {10.1063/1.4862816},
    URL = {https://doi.org/10.1063/1.4862816},
    eprint = {https://doi.org/10.1063/1.4862816}
}
@article{DHA2012,
  title = "{Subtraction of Newtonian noise using optimized sensor arrays}",
  author = {Driggers, Jennifer C. and Harms, Jan and Adhikari, Rana X.},
  journal = {Phys. Rev. D},
  volume = {86},
  issue = {10},
  pages = {102001},
  numpages = {11},
  year = {2012},
  month = {Nov},
  doi = {10.1103/PhysRevD.86.102001},
  url = {http://link.aps.org/doi/10.1103/PhysRevD.86.102001},
  publisher = {American Physical Society}
}
@article{BaEA2017,
	doi = {10.1088/1361-6382/aa69e3},
	url = {https://doi.org/10.1088\%2F1361-6382\%2Faa69e3},
	year = 2017,
	month = {apr},
	publisher = {{IOP} Publishing},
	volume = {34},
	number = {11},
	pages = {114001},
	author = {G G Barnaf{\"o}ldi and T Bulik and M Cieslar and E D{\'{a}}vid and M Dobr{\'{o}}ka and E Fenyvesi and D Gondek-Rosinska and Z Gr{\'{a}}czer and G Hamar and G Huba and {\'{A}} Kis and R Kov{\'{a}}cs and I Lemperger and P L{\'{e}}vai and J Moln{\'{a}}r and D Nagy and A Nov{\'{a}}k and L Ol{\'{a}}h and P P{\'{a}}zm{\'{a}}ndi and D Piri and L Somlai and T Starecki and M Suchenek and G Sur{\'{a}}nyi and S Szalai and D Varga and M Vas{\'{u}}th and P V{\'{a}}n and B V{\'{a}}s{\'{a}}rhelyi and V Wesztergom and Z W{\'{e}}ber},
	title = {First report of long term measurements of the {MGGL} laboratory in the M{\'{a}}tra mountain range},
	journal = {Classical and Quantum Gravity}
}
@article{Pet1993,
    author =    "J.~Peterson",
    title =     "Observation and modeling of seismic background noise",
    journal =   "Open-file report",
    volume =    "93-322",
    year =      "1993"
}
@article{CoEA2014,
  author={M Coughlin and J Harms and N Christensen and V Dergachev and R DeSalvo and S Kandhasamy and V Mandic},
  title="{Wiener filtering with a seismic underground array at the Sanford Underground Research Facility}",
  journal={Classical and Quantum Gravity},
  volume={31},
  number={21},
  pages={215003},
  url={http://stacks.iop.org/0264-9381/31/i=21/a=215003},
  year={2014}
}
@article{Har2015,
  title    = "{Terrestrial Gravity Fluctuations}",
  author   = {Jan Harms},
  journal  = {Living Reviews in Relativity},
  year     = {2015},
  number   = {3},
  volume   = {18},
  keywords = {Terrestrial gravity, Newtonian noise, Mitigation, Wiener filter},
  doi      = {10.1007/lrr-2015-3},
  url      = {http://www.livingreviews.org/lrr-2015-3}
}
@article{HaVe2016,
  author={Jan Harms and Krishna Venkateswara},
  title="{Newtonian-noise cancellation in large-scale interferometric GW detectors using seismic tiltmeters}",
  journal={Classical and Quantum Gravity},
  volume={33},
  number={23},
  pages={234001},
  url={http://stacks.iop.org/0264-9381/33/i=23/a=234001},
  year={2016}
}
@article{CoHa2012,
  author  = {Coughlin, M. and Harms, J.},
  doi     = {10.1088/0264-9381/29/7/075004},
  eid     = {075004},
  journal = {Class. Quantum Grav.},
  pages   = {075004},
  title   = {Seismic topographic scattering in the context of GW detector site selection},
  volume  = {29},
  year    = {2012}
}
@article{Gre2015,
    author = {Green, David N.},
    title = "{The spatial coherence structure of infrasonic waves: analysis of data from International Monitoring System arrays}",
    journal = {Geophysical Journal International},
    volume = {201},
    number = {1},
    pages = {377-389},
    year = {2015},
    month = {02},
    issn = {0956-540X},
    doi = {10.1093/gji/ggu495},
    url = {https://dx.doi.org/10.1093/gji/ggu495},
    eprint = {http://oup.prod.sis.lan/gji/article-pdf/201/1/377/17367674/ggu495.pdf},
}
@article{CLN2004,
	author = {Chai, Tianfeng and Lin, Ching-Long and Newsom, Rob K.},
	title = "{Retrieval of Microscale Flow Structures from High-Resolution Doppler Lidar Data Using an Adjoint Model}",
	journal = {Journal of the Atmospheric Sciences},
	volume = {61},
	number = {13},
	pages = {1500-1520},
	year = {2004},
	doi = {10.1175/1520-0469(2004)061<1500:ROMFSF>2.0.CO;2},
	URL = {https://doi.org/10.1175/1520-0469(2004)061<1500:ROMFSF>2.0.CO;2},
	eprint = {https://doi.org/10.1175/1520-0469(2004)061<1500:ROMFSF>2.0.CO;2}
}
@Article{Ell1972,
	author="Elliott, J. A.",
	title="Instrumentation for measuring static pressure fluctuations within the atmospheric boundary layer",
	journal="Boundary-Layer Meteorology",
	year="1972",
	month="Jun",
	day="01",
	volume="2",
	number="4",
	pages="476--495",
	issn="1573-1472",
	doi="10.1007/BF00821550",
	url="https://doi.org/10.1007/BF00821550"
}
@incollection{WaHe2009,
    year={2009},
    isbn={978-1-4020-9507-8},
    booktitle={Infrasound Monitoring for Atmospheric Studies},
    editor={Le Pichon, Alexis and Blanc, Elisabeth and Hauchecorne, Alain},
    doi={10.1007/978-1-4020-9508-5_5},
    title={A Review of Wind-Noise Reduction Methodologies},
    url={http://dx.doi.org/10.1007/978-1-4020-9508-5_5},
    publisher={Springer Netherlands},
    keywords={Wind noise reduction; Wind noise theory and prediction; Infrasound sensors; Infrasound wind filters},
    author={Walker, Kristoffer T. and Hedlin, Michael A.H.},
    pages={141-182},
    language={English}
}
@article{NoEA2014,
	author = {Noble,John M.  and Alberts,W.C. Kirkpatrick  and Raspet,Richard  and Collier,Sandra L.  and Coleman,Mark A. },
	title = {Infrasonic wind noise reduction via porous fabric domes},
	journal = {Proceedings of Meetings on Acoustics},
	volume = {21},
	number = {1},
	pages = {045005},
	year = {2014},
	doi = {10.1121/2.0000307},
	URL = {https://asa.scitation.org/doi/abs/10.1121/2.0000307},
	eprint = {https://asa.scitation.org/doi/pdf/10.1121/2.0000307}
}
@inbook{Beh2005,
	author="Behrendt, Andreas",
	editor="Weitkamp, Claus",
	title="Temperature Measurements with Lidar",
	bookTitle="Lidar: Range-Resolved Optical Remote Sensing of the Atmosphere",
	year="2005",
	publisher="Springer New York",
	address="New York, NY",
	pages="273--305",
	isbn="978-0-387-25101-1",
	doi="10.1007/0-387-25101-4_10",
	url="https://doi.org/10.1007/0-387-25101-4_10"
}
}
@article{BaHa2019,
       author = {{Harms}, F. Badaracco J.},
        title = "{Optimization of seismometer arrays for the cancellation of Newtonian noise from seismic body waves}",
      journal = {arXiv e-prints},
     keywords = {Astrophysics - Instrumentation and Methods for Astrophysics},
         year = "2019",
        month = "Mar",
          eid = {arXiv:1903.07936},
        pages = {arXiv:1903.07936},
archivePrefix = {arXiv},
       eprint = {1903.07936},
 primaryClass = {astro-ph.IM},
       adsurl = {https://ui.adsabs.harvard.edu/\#abs/2019arXiv190307936H},
      adsnote = {Provided by the SAO/NASA Astrophysics Data System}
}
@article{MCZ2016,
    author="Ma, Tianshou
    and Chen, Ping
    and Zhao, Jian",
    title="Overview on vertical and directional drilling technologies for the exploration and exploitation of deep petroleum resources",
    journal="Geomechanics and Geophysics for Geo-Energy and Geo-Resources",
    year="2016",
    month="Dec",
    day="01",
    volume="2",
    number="4",
    pages="365--395",
    issn="2363-8427",
    doi="10.1007/s40948-016-0038-y",
    url="https://doi.org/10.1007/s40948-016-0038-y"
}
@article{Belgacem:2018lbp,
      author         = "Belgacem, E. and Dirian, Y. and Foffa, S. and
                        Maggiore, M.",
      title          = "{Modified gravitational-wave propagation and standard
                        sirens}",
      journal        = "Phys. Rev.",
      volume         = "D98",
      year           = "2018",
      pages          = "023510",
      doi            = "10.1103/PhysRevD.98.023510",
      eprint         = "1805.08731",
      archivePrefix  = "arXiv",
      primaryClass   = "gr-qc",
      SLACcitation   = "%%CITATION = ARXIV:1805.08731;%%"
}
@article{Belgacem:2017ihm,
      author         = "Belgacem, E. and Dirian, Y. and Foffa, S. and
                        Maggiore, M.",
      title          = "{Gravitational-wave luminosity distance in modified
                        gravity theories}",
      journal        = "Phys. Rev.",
      volume         = "D97",
      year           = "2018",
      pages          = "104066",
      doi            = "10.1103/PhysRevD.97.104066",
      eprint         = "1712.08108",
      archivePrefix  = "arXiv",
      primaryClass   = "astro-ph.CO",
      SLACcitation   = "%%CITATION = ARXIV:1712.08108;%%"
}

@article{Maggiore:1999vm,
      author         = "Maggiore, M.",
      title          = "{Gravitational wave experiments and early universe
                        cosmology}",
      journal        = "Phys. Rept.",
      volume         = "331",
      year           = "2000",
      pages          = "283-367",
      doi            = "10.1016/S0370-1573(99)00102-7",
      eprint         = "gr-qc/9909001",
      archivePrefix  = "arXiv",
      primaryClass   = "gr-qc",
      reportNumber   = "IFUP-TH-20-99",
      SLACcitation   = "%%CITATION = GR-QC/9909001;%%"
}

@article{Caprini:2018mtu,
      author         = "Caprini, Chiara and Figueroa, Daniel G.",
      title          = "{Cosmological Backgrounds of Gravitational Waves}",
      journal        = "Class. Quant. Grav.",
      volume         = "35",
      year           = "2018",
      number         = "16",
      pages          = "163001",
      doi            = "10.1088/1361-6382/aac608",
      eprint         = "1801.04268",
      archivePrefix  = "arXiv",
      primaryClass   = "astro-ph.CO",
      SLACcitation   = "%%CITATION = ARXIV:1801.04268;%%"
}
@book{Maggiore:2018zz,
	Author = {Maggiore, M.},
	Publisher = {Oxford University Press, 848 p},
	Title = {{Gravitational Waves. Vol. 2. Astrophysics and Cosmology}},
	Year = {2018}}
	
	@article{Abbott:2017xzu,
      author         = "Abbott, B. P. and others",
      title          = "{A gravitational-wave standard siren measurement of the
                        Hubble constant}",
      journal        = "Nature",
      volume         = "551",
      year           = "2017",
      number         = "7678",
      pages          = "85-88",
      doi            = "10.1038/nature24471",
      eprint         = "1710.05835",
      archivePrefix  = "arXiv",
      primaryClass   = "astro-ph.CO",
      reportNumber   = "LIGO-P1700296, FERMILAB-PUB-17-472-A-AE",
      SLACcitation   = "%%CITATION = ARXIV:1710.05835;%%"
}

@article{Riess:2016jrr,
      author         = "Riess, A. G. and others",
      title          = "{A 2.4\% Determination of the Local Value of the Hubble
                        Constant}",
      journal        = "Astrophys. J.",
      volume         = "826",
      year           = "2016",
      pages          = "56",
      doi            = "10.3847/0004-637X/826/1/56",
      eprint         = "1604.01424",
      archivePrefix  = "arXiv",
      primaryClass   = "astro-ph.CO",
      SLACcitation   = "%%CITATION = ARXIV:1604.01424;%%"
}

@article{Riess:2018uxu,
      author         = "Riess, Adam G. and others",
      title          = "{New Parallaxes of Galactic Cepheids from Spatially
                        Scanning the Hubble Space Telescope: Implications for the
                        Hubble Constant}",
      journal        = "Astrophys. J.",
      volume         = "855",
      year           = "2018",
      number         = "2",
      pages          = "136",
      doi            = "10.3847/1538-4357/aaadb7",
      eprint         = "1801.01120",
      archivePrefix  = "arXiv",
      primaryClass   = "astro-ph.SR",
      SLACcitation   = "%%CITATION = ARXIV:1801.01120;%%"
}
@article{Ade:2015xua,
      author         = "Ade, P. A. R. and others",
      title          = "{Planck 2015 results. XIII. Cosmological parameters}",
      collaboration  = "Planck",
      journal        = "Astron. Astrophys.",
      volume         = "594",
      year           = "2016",
      pages          = "A13",
      doi            = "10.1051/0004-6361/201525830",
      eprint         = "1502.01589",
      archivePrefix  = "arXiv",
      primaryClass   = "astro-ph.CO",
      SLACcitation   = "%%CITATION = ARXIV:1502.01589;%%"
}

@article{Sathyaprakash:2009xt,
      author         = "Sathyaprakash, B. S. and Schutz, B. F. and Van Den
                        Broeck, C.",
      title          = "{Cosmography with the Einstein Telescope}",
      journal        = "Class. Quant. Grav.",
      volume         = "27",
      year           = "2010",
      pages          = "215006",
      doi            = "10.1088/0264-9381/27/21/215006",
      eprint         = "0906.4151",
      archivePrefix  = "arXiv",
      primaryClass   = "astro-ph.CO",
      SLACcitation   = "%%CITATION = ARXIV:0906.4151;%%"
}

@article{Amati:2017npy,
      author         = "Amati, L. and others",
      title          = "{The THESEUS space mission concept: science case, design
                        and expected performances}",
      collaboration  = "THESEUS",
      journal        = "Adv. Space Res.",
      volume         = "62",
      year           = "2018",
      pages          = "191-244",
      doi            = "10.1016/j.asr.2018.03.010",
      eprint         = "1710.04638",
      archivePrefix  = "arXiv",
      primaryClass   = "astro-ph.IM",
      SLACcitation   = "%%CITATION = ARXIV:1710.04638;%%"
}

@article{Stratta:2017bwq,
      author         = "Stratta, G. and others",
      title          = "{THESEUS: a key space mission concept for Multi-Messenger
                        Astrophysics}",
      booktitle      = "{THESEUS Workshop 2017 Naples, Italy, October 5-6, 2017}",
      collaboration  = "THESEUS",
      journal        = "Adv. Space Res.",
      volume         = "62",
      year           = "2018",
      pages          = "662-682",
      doi            = "10.1016/j.asr.2018.04.013",
      eprint         = "1712.08153",
      archivePrefix  = "arXiv",
      primaryClass   = "astro-ph.HE",
      SLACcitation   = "%%CITATION = ARXIV:1712.08153;%%"
}

@article{Deffayet:2007kf,
      author         = "Deffayet, C. and Menou, K.",
      title          = "{Probing Gravity with Spacetime Sirens}",
      journal        = "Astrophys. J.",
      volume         = "668",
      year           = "2007",
      pages          = "L143-L146",
      doi            = "10.1086/522931",
      eprint         = "0709.0003",
      archivePrefix  = "arXiv",
      primaryClass   = "astro-ph",
      SLACcitation   = "%%CITATION = ARXIV:0709.0003;%%"
}

@article{Saltas:2014dha,
      author         = "Saltas, I. D. and Sawicki, I. and Amendola,
                        L. and Kunz, M.",
      title          = "{Anisotropic Stress as a Signature of Nonstandard
                        Propagation of Gravitational Waves}",
      journal        = "Phys. Rev. Lett.",
      volume         = "113",
      year           = "2014",
      pages          = "191101",
      doi            = "10.1103/PhysRevLett.113.191101",
      eprint         = "1406.7139",
      archivePrefix  = "arXiv",
      primaryClass   = "astro-ph.CO",
      SLACcitation   = "%%CITATION = ARXIV:1406.7139;%%"
}

@article{Lombriser:2015sxa,
      author         = "Lombriser, L. and Taylor, A.",
      title          = "{Breaking a Dark Degeneracy with Gravitational Waves}",
      journal        = "JCAP",
      volume         = "1603",
      year           = "2016",
      pages          = "031",
      doi            = "10.1088/1475-7516/2016/03/031",
      eprint         = "1509.08458",
      archivePrefix  = "arXiv",
      primaryClass   = "astro-ph.CO",
      SLACcitation   = "%%CITATION = ARXIV:1509.08458;%%"
}

@article{Nishizawa:2017nef,
      author         = "Nishizawa, A.",
      title          = "{Generalized framework for testing gravity with
                        gravitational-wave propagation. I. Formulation}",
      journal        = "Phys. Rev.",
      volume         = "D97",
      year           = "2018",
      pages          = "104037",
      doi            = "10.1103/PhysRevD.97.104037",
      eprint         = "1710.04825",
      archivePrefix  = "arXiv",
      primaryClass   = "gr-qc",
      SLACcitation   = "%%CITATION = ARXIV:1710.04825;%%"
}

@article{Zhao:2010sz,
      author         = "Zhao, W. and Van Den Broeck, C. and Baskaran, D. and Li,
                        T. G. F.",
      title          = "{Determination of Dark Energy by the Einstein Telescope:
                        Comparing with CMB, BAO and SNIa Observations}",
      journal        = "Phys. Rev.",
      volume         = "D83",
      year           = "2011",
      pages          = "023005",
      doi            = "10.1103/PhysRevD.83.023005",
      eprint         = "1009.0206",
      archivePrefix  = "arXiv",
      primaryClass   = "astro-ph.CO",
      SLACcitation   = "%%CITATION = ARXIV:1009.0206;%%"
}

@article{Riess:2019cxk,
      author         = "Riess, Adam G. and Casertano, Stefano and Yuan, Wenlong
                        and Macri, Lucas M. and Scolnic, Dan",
      title          = "{Large Magellanic Cloud Cepheid Standards Provide a 1\%
                        Foundation for the Determination of the Hubble Constant
                        and Stronger Evidence for Physics Beyond LambdaCDM}",
      journal        = "Astrophys. J.",
      volume         = "876",
      year           = "2019",
      number         = "1",
      pages          = "85",
      doi            = "10.3847/1538-4357/ab1422",
      eprint         = "1903.07603",
      archivePrefix  = "arXiv",
      primaryClass   = "astro-ph.CO",
      SLACcitation   = "%%CITATION = ARXIV:1903.07603;%%"
}

@article{pinard2017mirrors,
  title={Mirrors used in the {LIGO} interferometers for first detection of gravitational waves},
  author={Pinard, L and Michel, C and Sassolas, B and Balzarini, L and Degallaix, J and Dolique, V and Flaminio, R and Forest, D and Granata, M and Lagrange, B and others},
  journal={Applied optics},
  volume={56},
  number={4},
  pages={C11--C15},
  year={2017},
  publisher={Optical Society of America}
}

@article{plissi1998aspects,
  title={Aspects of the suspension system for GEO 600},
  author={Plissi, MV and Strain, KA and Torrie, CI and Robertson, NA and Killbourn, S and Rowan, S and Twyford, SM and Ward, H and Skeldon, KD and Hough, J},
  journal={Review of scientific instruments},
  volume={69},
  number={8},
  pages={3055--3061},
  year={1998},
  publisher={AIP}
}

@article{robertson2002quadruple,
  title={Quadruple suspension design for Advanced LIGO},
  author={Robertson, NA and Cagnoli, G and Crooks, DRM and Elliffe, E and Faller, JE and Fritschel, P and Go{\ss}ler, Stefan and Grant, A and Heptonstall, A and Hough, J and others},
  journal={Classical and Quantum Gravity},
  volume={19},
  number={15},
  pages={4043},
  year={2002},
  publisher={IOP Publishing}
}

@article{lorenzini2010monolithic,
  title={The monolithic suspension for the virgo interferometer},
  author={Lorenzini, M and Virgo Collaboration and others},
  journal={Classical and Quantum Gravity},
  volume={27},
  number={8},
  pages={084021},
  year={2010},
  publisher={IOP Publishing}
}

@article{Akutsu_2019,
	doi = {10.1088/1361-6382/ab28a9},
	url = {https://doi.org/10.1088%2F1361-6382%2Fab28a9},
	year = 2019,
	month = {jul},
	publisher = {{IOP} Publishing},
	volume = {36},
	number = {16},
	pages = {165008},
	author = {{The KAGRA collaboration}},
	title = {First cryogenic test operation of underground km-scale gravitational-wave observatory {KAGRA}},
	journal = {Classical and Quantum Gravity},
}

@article{PhysRevD.89.062003,
  title = {Sapphire mirror for the KAGRA gravitational wave detector},
  author = {Hirose, Eiichi and Bajuk, Dan and Billingsley, GariLynn and Kajita, Takaaki and Kestner, Bob and Mio, Norikatsu and Ohashi, Masatake and Reichman, Bill and Yamamoto, Hiroaki and Zhang, Liyuan},
  journal = {Phys. Rev. D},
  volume = {89},
  issue = {6},
  pages = {062003},
  numpages = {7},
  year = {2014},
  month = {Mar},
  publisher = {American Physical Society},
  doi = {10.1103/PhysRevD.89.062003},
  url = {https://link.aps.org/doi/10.1103/PhysRevD.89.062003}
}

@article{taylor1996measurement,
  title={Measurement of the coefficient of thermal expansion of a cryogenic, all-sapphire, Fabry-Perot optical cavity},
  author={Taylor, CT and Notcutt, M and Wong, EK and Mann, AG and Blair, DG},
  journal={Optics communications},
  volume={131},
  number={4-6},
  pages={311--314},
  year={1996},
  publisher={Elsevier}
}

@article{uchiyama1999mechanical,
  title={Mechanical quality factor of a cryogenic sapphire test mass for gravitational wave detectors},
  author={Uchiyama, T and Tomaru, T and Tobar, ME and Tatsumi, D and Miyoki, S and Ohashi, M and Kuroda, K and Suzuki, T and Sato, N and Haruyama, T and others},
  journal={Physics Letters A},
  volume={261},
  number={1-2},
  pages={5--11},
  year={1999},
  publisher={Elsevier}
}

@article{hasegawa2019snow,
  title={Molecular adsorbed layer formation on cooled mirrors and its impacts on cryogenic gravitational wave telescopes},
  author={Hasegawa, Kunihiko and Akutsu, Tomotada and Kimura, Nobuhiro and Saito, Yoshio and Suzuki, Toshikazu and Tomaru, Takayuki and Ueda, Ayako and Miyoki, Shinji},
  journal={Physical Review D},
  volume={99},
  number={2},
  pages={022003},
  year={2019},
  publisher={APS}
}

@article{PhysRevResearch.1.013008,
  title = {Thermal noise from icy mirrors in gravitational wave detectors},
  author = {Steinlechner, Jessica and Martin, Iain W.},
  journal = {Phys. Rev. Research},
  volume = {1},
  issue = {1},
  pages = {013008},
  numpages = {10},
  year = {2019},
  month = {Aug},
  publisher = {American Physical Society},
  doi = {10.1103/PhysRevResearch.1.013008},
  url = {https://link.aps.org/doi/10.1103/PhysRevResearch.1.013008}
}

@article{somiya2019birefringence,
  title={Influence of non-uniformity in sapphire substrates for a gravitational wave telescope},
  author={Somiya, Kentaro and Hirose, Eiichi and Michimura, Yuta},
  journal={arXiv preprint arXiv:1907.12785},
  year={2019}
}

@misc{Bigspapphire2019,
  title = {Monocrystal introduced world’s first 350 kg {KY} sapphire crystal},
  howpublished = {\url{http://www.monocrystal.com/news/monocrystal-introduced-worlds-first-350-kg-ky-sapphire-crystal.html}},
  note = {Accessed: 2019-08-20}
}

@article{lyon1977siliconexpansion,
  title={Linear thermal expansion measurements on silicon from 6 to 340 K},
  author={Lyon, KG and Salinger, GL and Swenson, CA and White, GK},
  journal={Journal of Applied Physics},
  volume={48},
  number={3},
  pages={865--868},
  year={1977},
  publisher={AIP}
}

@article{mcguigan1978siliconQ,
  title={Measurements of the mechanical Q of single-crystal silicon at low temperatures},
  author={McGuigan, DF and Lam, CC and Gram, RQ and Hoffman, AW and Douglass, DH and Gutche, HW},
  journal={Journal of Low Temperature Physics},
  volume={30},
  number={5},
  pages={621--629},
  year={1978},
  publisher={Springer}
}

@article{degallaix2013abs_silicon,
  title={Bulk optical absorption of high resistivity silicon at 1550 nm},
  author={Degallaix, Jerome and Flaminio, Raffaele and Forest, Dani{\`e}le and Granata, Massimo and Michel, Christophe and Pinard, Laurent and Bertrand, Teddy and Cagnoli, Gianpietro},
  journal={Optics letters},
  volume={38},
  number={12},
  pages={2047--2049},
  year={2013},
  publisher={Optical Society of America}
}

@article{bristow2007two,
  title={Two-photon absorption and Kerr coefficients of silicon for 850--2200 nm},
  author={Bristow, Alan D and Rotenberg, Nir and Van Driel, Henry M},
  journal={Applied Physics Letters},
  volume={90},
  number={19},
  pages={191104},
  year={2007},
  publisher={AIP}
}

@article{bell2017Sisurf,
  title={Anomalous optical surface absorption in nominally pure silicon samples at 1550 nm},
  author={Bell, Angus S and Steinlechner, Jessica and Martin, Iain W and Craig, Kieran and Cunningham, William and Rowan, Sheila and Hough, Jim and Schnabel, Roman and Khalaidovski, Alexander},
  journal={Classical and Quantum Gravity},
  volume={34},
  number={20},
  pages={205013},
  year={2017},
  publisher={IOP Publishing}
}

@article{khalaidovski2013indication,
  title={Indication for dominating surface absorption in crystalline silicon test masses at 1550 nm},
  author={Khalaidovski, Alexander and Steinlechner, Jessica and Schnabel, Roman},
  journal={Classical and Quantum Gravity},
  volume={30},
  number={16},
  pages={165001},
  year={2013},
  publisher={IOP Publishing}
}

@article{kruger2015birefringence,
  title={Birefringence measurements on crystalline silicon},
  author={Kr{\"u}ger, Christoph and Heinert, Daniel and Khalaidovski, Alexander and Steinlechner, Jessica and Nawrodt, Ronny and Schnabel, Roman and L{\"u}ck, Harald},
  journal={Classical and Quantum Gravity},
  volume={33},
  number={1},
  pages={015012},
  year={2015},
  publisher={IOP Publishing}
}

@article{komma2012SithermoOptic,
  title={Thermo-optic coefficient of silicon at 1550 nm and cryogenic temperatures},
  author={Komma, J and Schwarz, C and Hofmann, G and Heinert, D and Nawrodt, R},
  journal={Applied Physics Letters},
  volume={101},
  number={4},
  pages={041905},
  year={2012},
  publisher={AIP}
}

@article{kruger2015birefringenceSi,
  title={Birefringence measurements on crystalline silicon},
  author={Kr{\"u}ger, Christoph and Heinert, Daniel and Khalaidovski, Alexander and Steinlechner, Jessica and Nawrodt, Ronny and Schnabel, Roman and L{\"u}ck, Harald},
  journal={Classical and Quantum Gravity},
  volume={33},
  number={1},
  pages={015012},
  year={2015},
  publisher={IOP Publishing}
}

@article{hirose2014sapphire,
  title={Sapphire mirror for the KAGRA gravitational wave detector},
  author={Hirose, Eiichi and Bajuk, Dan and Billingsley, GariLynn and Kajita, Takaaki and Kestner, Bob and Mio, Norikatsu and Ohashi, Masatake and Reichman, Bill and Yamamoto, Hiroaki and Zhang, Liyuan},
  journal={Physical Review D},
  volume={89},
  number={6},
  pages={062003},
  year={2014},
  publisher={APS}
}